3592 5490
806 343 962 445 us-

182 562 275 666 quia
323 563 362 638 in
407 564 512 640 omni
557 573 681 641 tractu
724 561 769 640 de
809 565 887 640 suis
919 558 1099 641 eartzilms
1131 555 1424 638 dilacerabatur.
1466 554 1589 658 lfaoid

180 708 293 760 sunm
314 684 411 761 inter
437 681 596 764 braolia
619 712 691 763 sua
723 684 1051 786 animlenionaliter
1077 684 1213 761 tenenti
1230 680 1327 759 dun
1343 705 1435 757 res:
1455 677 1588 777 „Dens

180 807 252 882 seit
271 803 375 912 quod
390 817 467 885 tota
492 809 623 885 anima
651 834 733 885 ntea
751 810 790 884 in
808 805 980 884 titanibus
998 803 1181 884 Fratrum
1209 807 1398 881 nn'norum
1416 813 1488 878 ost:
1505 799 1586 878 ideo

176 939 384 1034 postquam
416 954 474 1007 me
511 940 703 1007 morttmm
746 927 882 1007 nidoris
924 932 1051 1030 auosque
1082 938 1197 1029 eaput
1227 937 1261 1002 et
1291 950 1357 1003 eor
1388 949 1523 1021 niueum,
1556 933 1590 1000 et

177 1060 298 1150 porta
330 1053 449 1129 matri
478 1077 568 1150 antee,
601 1063 634 1129 et
660 1063 864 1158 postquam
895 1078 953 1128 rite
984 1051 1221 1129 uniat-astae
1253 1043 1452 1152 destertuit,
1485 1071 1587 1147 seqn-

183 1170 256 1249 lios
290 1173 329 1248 in
364 1169 558 1278 Striqonio
591 1176 696 1252 eirea
726 1172 939 1276 sqnnlernm
981 1175 1079 1278 reqis
1110 1169 1203 1250 Belo
1235 1173 1272 1247 in
1305 1167 1456 1247 eeclesia
1488 1164 1590 1244 beate

192 1291 361 1400 llirqinis
398 1293 554 1373 Ordinis
585 1293 771 1374 Fratrum
805 1298 1006 1393 minorum,
1029 1297 1066 1372 in
1100 1318 1177 1400 qna
1204 1316 1278 1396 pro
1305 1317 1407 1369 num
1438 1302 1471 1367 et
1493 1314 1588 1367 sem·

177 1441 253 1517 per
286 1415 378 1521 eliqo
411 1416 600 1521 sepeliri.“
642 1415 756 1496 Cuius
793 1415 978 1519 qnolmrio
1018 1415 1221 1521 trinnifesta
1262 1440 1307 1491 ea
1346 1411 1416 1490 ltoe
1454 1409 1590 1490 lmbere

182 1536 401 1636 dinoscitur,
435 1543 527 1646 qnia
566 1535 687 1642 (78b)
720 1538 866 1618 rediens
899 1543 935 1617 in
972 1537 1216 1644 Hnnqmiam
1257 1538 1413 1614 aristeas
1445 1532 1545 1611 insol
1571 1576 1588 1591 ·

183 1663 254 1736 iniis
286 1687 386 1738 nitito
420 1661 566 1739 doriiini
596 1665 846 1740 trecanum
880 1663 1187 1768 quinquaqesimo
1220 1656 1380 1737 serundo
1415 1659 1453 1735 in
1490 1657 1588 1733 mrt-

178 1784 308 1887 qoam,
341 1786 380 1860 in
412 1783 523 1861 doum
556 1787 730 1891 ritaqistri
765 1782 902 1861 'llionn
922 1783 995 1889 jilq
1029 1782 1131 1860 Petri
1161 1806 1292 1859 raram
1323 1776 1479 1857 Nicolao
1501 1775 1589 1884 filio

180 1902 321 1982 larabi
352 1905 719 1985 nieelertisternitoris
749 1909 811 1985 sni
852 1905 952 1984 dedit
993 1905 1110 1981 eielem
1154 1930 1270 1981 tertium
1303 1899 1492 2007 rinqnlum
1524 1928 1588 1978 ea·

182 2026 384 2104 tlienarnm
416 2054 623 2107 (terreorum
656 2029 701 2107 do
727 2032 840 2131 puris
872 2026 1156 2135 quadrinqontis
1181 2039 1215 2102 et
1240 2038 1406 2132 quatuor
1427 2019 1589 2129 florenis

181 2146 466 2251 fabricatarum
500 2164 539 2228 nt
572 2155 692 2253 quum
726 2164 920 2258 tarnqnnm
945 2148 996 2227 tbi·
1014 2148 1262 2253 sqnliendmn
1285 2146 1438 2225 Fratres
1466 2145 1590 2223 elaus-

182 2274 237 2347 tri
265 2271 478 2374 supradicti
506 2271 684 2351 luberent
725 2271 1078 2351 meoinmeudatnm.
1119 2270 1302 2349 Eat-nuo
1337 2273 1450 2374 iqitur
1482 2268 1589 2362 ferro

182 2397 306 2499 qisum
349 2419 472 2500 reqem
517 2395 636 2473 dietus
681 2393 893 2498 Steptanns
935 2423 1070 2502 (qunnem
1113 2391 1240 2471 iubens
1281 2390 1482 2471 ascendere
1520 2414 1591 2493 per

178 2519 310 2621 qirnm
342 2516 525 2595 deducens
557 2521 719 2596 ciuitatis
750 2544 838 2596 nore
863 2521 1050 2621 preconia
1087 2513 1319 2620 proripiebat
1357 2511 1591 2619 briqantilius

183 2650 224 2715 ut
251 2637 424 2717 (licerent.
462 2639 559 2719 Esse
590 2663 659 2718 rea
694 2638 892 2747 llunqarie
922 2639 1133 2720 Jerusalem
1165 2651 1198 2716 et
1233 2636 1387 2717 sutae!
1420 2634 1501 2731 (lito
1521 2662 1590 2713 rm·

183 2759 261 2837 dito
294 2760 461 2867 hennqari
501 2761 728 2862 emnltaltant,
761 2763 827 2841 sed
858 2776 890 2840 rt
932 2763 1143 2868 aduersarq
1184 2759 1385 2839 eiulalrant.
1423 2758 1464 2836 In
1489 2756 1589 2867 J'esto

182 2885 301 2989 iqitur
334 2883 569 2963 lnoeiieionis
601 2889 774 2988 eorporis
806 2883 904 2964 beati
937 2884 1120 2989 Stqilunni
1146 2885 1443 2986 protomartiris,
1469 2879 1591 2957 ‹lorii-i·

183 3033 256 3083 nus
286 3003 452 3085 doeobns
484 3006 657 3113 [qurum
699 3011 917 3112 capitaneus
949 3010 1111 3085 a'nitatis
1144 3004 1301 3084 trmlidit
1332 3007 1519 3082 ciuitatem
1552 3004 1591 3078 in

183 3154 321 3206 ananus
352 3133 461 3235 reqis.
490 3126 614 3225 Quota
644 3157 714 3208 ren
747 3130 958 3237 inqrrdiens
991 3132 1149 3208 intrmn't
1180 3140 1357 3224 rastrum,
1391 3138 1424 3202 et
1456 3125 1592 3203 triennit

183 3247 238 3328 ibi
267 3277 383 3357 usqne
425 3251 478 3330 ad
514 3252 654 3359 festum
689 3251 909 3331 Natiuitatis
951 3250 1053 3331 teate
1098 3250 1270 3357 l'irqinis,
1303 3253 1342 3328 in
1386 3251 1491 3326 trinitus
1533 3245 1592 3323 die

184 3376 354 3452 crastina
396 3399 561 3480 eqressns
601 3388 652 3453 est
696 3375 870 3474 llontam,
904 3387 937 3452 et
976 3399 1190 3453 cortinorum·
1231 3371 1284 3450 ad
1322 3399 1361 3450 se
1397 3371 1592 3448 tertinersos

183 3493 346 3574 barones
375 3521 463 3574 snos
494 3509 528 3575 et
569 3497 710 3597 milites,
742 3495 1003 3576 sa'seitalintur
1035 3495 1082 3576 ab
1115 3498 1166 3574 eis·
1198 3498 1281 3602 quis
1323 3519 1457 3572 eorum
1491 3489 1592 3570 nollet

184 3621 223 3696 in
257 3617 401 3720 Apsilia
433 3621 472 3696 ia
500 3644 668 3722 persona
703 3623 801 3727 reqis
841 3645 1058 3714 remunera·
1101 3621 1168 3726 qui
1206 3644 1332 3695 <trieries
1373 3625 1590 3710 renuerunt,

184 3752 218 3818 et
256 3739 473 3845 sinqulatim
515 3755 753 3821 enansarunt.
802 3739 913 3838 otton
955 3740 1080 3820 uidens
1112 3739 1289 3819 Andreas
1309 3737 1420 3845 silius
1453 3734 1590 3832 Laeal,

186 3887 321 3944 coram
354 3888 440 3970 reqe
470 3891 508 3942 se
535 3869 749 3967 prostrauit
781 3863 923 3943 disens:
946 3863 1110 3942 Domine
1142 3889 1210 3940 reu
1241 3887 1334 3968 roqo
1367 3884 1498 3940 artiore
1528 3887 1592 3937 sa-

187 3983 274 4063 lutis
314 3997 443 4085 vestre,
488 3999 521 4064 et
559 3989 695 4064 intnitu
707 3980 737 4082 ¹)
778 3989 1028 4065 ..seriu'riorum
1069 3989 1197 4088 patris
1240 3987 1312 4062 urei
1349 3995 1382 4061 et
1420 3982 1592 4088 fratruum

189 4133 370 4209 meorum,
405 4121 445 4186 nt
477 4135 533 4186 nie
563 4112 602 4186 in
636 4113 707 4188 uto
749 4122 851 4188 terra
893 4109 1095 4216 relinquas.
1136 4106 1247 4204 (iuml
1288 4131 1356 4182 rea
1395 4115 1594 4210 qratanter

189 4233 408 4332 acoentonit,
444 4243 476 4308 et
507 4235 629 4334 t'qistnn
672 4244 864 4338 toniqnane
909 4259 1050 4336 aqnum
1082 4234 1121 4307 in
1165 4228 1285 4307 medio
1318 4228 1496 4329 luporum
1530 4224 1593 4303 de·

191 4352 351 4459 reliquit,
384 4365 417 4429 et
448 4381 533 4430 enm
565 4380 606 4431 eo
641 4353 953 4434 Bortliolomemn
981 4353 1103 4450 filium
1139 4351 1334 4456 ltourequ
1371 4347 1498 4428 'lliotlu

350 4471 447 4551 168.
484 4479 548 4553 Sir
581 4480 696 4580 iqitur
727 4502 796 4554 rea
838 4480 933 4579 repit
965 4479 1019 4553 ire
1064 4501 1189 4553 sersus
1224 4473 1398 4566 llantam,
1432 4482 1466 4548 et
1498 4471 1595 4547 uenit

195 4597 229 4671 in
262 4622 344 4674 enm
378 4600 416 4673 in
450 4600 592 4676 ortum's
631 4596 733 4678 teon
778 4598 949 4706 linquas,
984 4611 1017 4677 et
1049 4596 1184 4676 iln'dem
1228 4606 1394 4697 inuentus
1427 4605 1478 4671 est
1509 4618 1595 4669 oen-m

276 4785 292 4792 υ
303 4785 398 4791 ---..-....

364 4852 377 4954 )
406 4849 491 4930 ou.
520 4853 645 4930 intimi.
