3592 5490
880 332 1035 434 Q

412 540 505 607 Liber
516 543 704 609 statutorum
722 542 852 627 capituli
869 543 1096 628 Zagrabiensis,
1111 544 1160 611 eni
1178 543 1343 609 chronicon
1359 543 1495 609 eiusdem
1515 542 1660 609 nominis

256 645 408 711 adnexum
431 650 487 718 est.
506 649 700 731 conscriptus
718 649 779 714 tuit
794 668 876 717 anno
897 650 992 721 1334.
1010 650 1213 715 continuatus
1233 654 1336 714 autem
1361 649 1516 731 usquead
1537 668 1656 713 annum

260 753 353 827 rant,
372 751 404 816 in
423 771 483 835 quo
499 752 625 833 desinit,
642 752 799 837 Stephano
815 753 999 820 Sclaveniae
1014 755 1094 821 duce
1110 754 1210 820 adbuc
1227 754 1361 819 rirentc.
1379 752 1437 835 Qui
1456 759 1559 819 tamen
1578 758 1661 819 teste

257 856 405 923 chronico
424 856 604 923 l'aradiensi
622 859 701 923 obiit
720 859 825 923 eodem
843 879 923 924 anno
940 860 972 923 in
991 859 1101 941 vigilia
1119 860 1202 924 beati
1223 859 1395 924 Laurentii.

414 981 603 1063 Initium
629 981 748 1063 libri,
779 967 856 1049 Dei
883 969 1049 1049 nornine
1080 970 1269 1049 invocato
1297 971 1346 1049 ad
1379 970 1544 1050 laudem
1568 969 1662 1051 eius

258 1102 299 1169 et
330 1089 485 1170 (loruiui
519 1092 644 1171 nostri
684 1091 786 1173 Jesu
820 1091 989 1189 Christi,
1034 1092 1259 1197 matrisque
1308 1091 1436 1198 ipsius
1482 1090 1663 1197 Virginis

257 1211 472 1315 gloriosae,
522 1228 563 1293 et
604 1214 727 1294 totius
770 1214 957 1294 eoelestis
1003 1214 1162 1311 curiae,
1212 1214 1419 1319 quaedam
1463 1212 1586 1316 utiliat
1618 1228 1664 1294 et

259 1335 456 1415 rireunuin
488 1336 608 1439 digna
644 1363 714 1442 pru
752 1354 860 1415 statu
899 1325 1071 1442 ¹capituli
1114 1336 1401 1439 Zagrabiensis
1443 1334 1662 1438 eeclesiae,

255 1470 338 1535 trun
373 1456 412 1534 in
448 1459 719 1561 regestraudis
760 1460 916 1539 iuribus
958 1459 1155 1538 reditibus
1198 1472 1239 1537 et
1282 1458 1551 1564 proventibus
1595 1458 1662 1564 ip·

255 1577 339 1657 sius
373 1579 553 1685 critobuli,
588 1608 636 1659 nc
670 1583 792 1662 ctiam
827 1580 915 1660 aliis
944 1581 1173 1660 incidenter
1206 1605 1374 1686 qrrorquc
1413 1580 1451 1659 iu
1491 1580 1662 1661 statutis

255 1700 374 1780 editis
407 1702 459 1780 ab
493 1702 587 1781 olim
626 1703 664 1781 iu
697 1731 822 1784 seusu
860 1716 904 1781 ut
937 1703 1174 1807 plurimum,
1209 1716 1249 1780 et
1272 1730 1383 1781 ruurc
1408 1702 1457 1781 ad
1478 1702 1659 1781 litteram

257 1849 330 1927 per
359 1823 542 1903 ordinem
578 1825 902 1930 subsequuutm·.
951 1823 1066 1918 (litate
1115 1824 1356 1929 (prieuuque
1390 1823 1441 1902 de
1484 1848 1661 1930 corpore

258 1944 385 2049 ipsius
419 1946 585 2051 capituli
620 1947 796 2026 uoluerit
828 1974 923 2024 (altu
958 1946 1108 2025 effectu
1144 1947 1341 2025 interturria
1366 1946 1540 2025 retinere
1559 1973 1662 2026 sutr-

256 2092 338 2170 (aare
389 2066 477 2146 loeo
520 2086 560 2147 et
607 2084 792 2174 tempore
836 2068 1060 2173 ordineque
1117 2069 1370 2171 patestatem,
1422 2067 1665 2148 invenietur

256 2186 360 2267 iuter
392 2216 474 2288 eos,
508 2216 612 2297 tluos
646 2192 748 2294 regit
779 2190 879 2270 ratio
914 2190 1157 2270 concordiae
1189 2189 1430 2289 servandae,
1462 2205 1502 2267 et
1522 2204 1662 2269 status

256 2310 456 2416 propriae,
498 2312 696 2393 ecclesiae
741 2339 812 2419 pro
853 2338 928 2391 suo
971 2311 1139 2393 modulo
1178 2310 1443 2392 fidelissimus
1488 2337 1662 2392 conser-

255 2448 382 2513 vator.
430 2432 647 2541 Descripta
693 2449 832 2516 autem
876 2450 916 2514 et
954 2434 1127 2514 collecta
1168 2446 1266 2513 suut
1307 2432 1500 2513 minutim
1547 2459 1662 2539 qrrzte

253 2571 486 2661 sequuntur
526 2583 634 2636 anno
677 2557 908 2637 dominicae
950 2554 1240 2636 incarnationis
1295 2555 1513 2636 millesimo
1565 2572 1655 2634 ter-

257 2678 481 2758 centesimo
514 2679 720 2783 trigesimo
754 2692 921 2785 quarto,
966 2693 1007 2757 et
1045 2678 1255 2784 publicata
1298 2677 1337 2757 in
1374 2676 1511 2781 vigilia
1544 2677 1660 2757 beati

259 2800 462 2880 Laurentii
494 2803 680 2909 martyris
710 2802 854 2880 eodem
898 2826 1027 2880 tutuo:
1067 2800 1260 2906 quamuis
1300 2815 1393 2905 post
1431 2798 1533 2878 haee
1573 2800 1662 2880 siut

257 2923 460 3027 (procedam
492 2922 647 3021 addita,
689 2936 730 3003 et
760 2923 810 3003 de
843 2948 949 3003 noro
976 2923 1149 3028 scripta,
1191 2921 1299 3002 sicut
1337 2920 1562 3027 plurimum
1602 2949 1658 3001 ex

256 3044 351 3124 dato
381 3043 635 3148 singulorum
667 3045 829 3152 plenius
862 3045 1089 3152 apparebit.

413 3234 521 3315 Ante
551 3237 690 3317 (rrrmia
718 3251 858 3317 autem
884 3252 947 3317 est
974 3255 1072 3317 nota
1097 3236 1279 3340 dignum,
1300 3234 1413 3341 quod
1446 3234 1659 3316 ecclesiae

256 3357 537 3461 Zagrabiensis
581 3358 825 3440 cathedralis
856 3377 918 3439 est
945 3358 1138 3439 fundator
1180 3384 1254 3437 rex
1284 3356 1576 3461 Hungarormn
1615 3356 1657 3439 S.

256 3479 488 3581 ladislaus,
525 3480 642 3562 ‹rtrius
678 3481 828 3561 festum
869 3481 1015 3560 colitur
1049 3480 1193 3586 quinto
1236 3478 1315 3559 kal.
1347 3478 1459 3577 Julii,
1493 3492 1535 3558 et
1567 3478 1663 3561 eius

256 3602 394 3682 obitus
430 3603 623 3683 recolitur
649 3629 758 3682 anuo
795 3602 1026 3683 ‹ltmriuicae
1059 3602 1097 3682 in
1129 3601 1375 3681 carnationis
1400 3598 1565 3681 leCV.
1584 3599 1659 3686 IV.

257 3724 346 3805 Kal.
382 3725 555 3827 Arrgusti
579 3725 678 3805 l'eria
709 3725 852 3830 prima.
886 3725 1089 3830 'l'ernpore
1131 3738 1268 3804 totitem
1315 3724 1403 3803 eius
1425 3722 1662 3826 'regiminis

257 3846 479 3927 notabilius
514 3848 551 3926 in
587 3847 726 3951 aliqua
760 3861 872 3952 parte
905 3846 1196 3944 Scblaroniae,
1230 3859 1269 3924 et
1303 3846 1341 3924 in
1376 3844 1516 3950 aliqua
1548 3860 1661 3923 tota·

257 3967 349 4048 liter
381 3969 518 4074 <irrepit
547 3969 681 4073 rigere
711 3995 862 4048 nornen
882 3968 1042 4054 Christi.
1073 3968 1166 4074 lpse
1200 3966 1323 4047 etiam
1340 3966 1661 4071 Zagrabieusem

257 4091 474 4171 ecclesiam
509 4091 548 4171 iu
584 4091 737 4170 lrouorc
770 4090 1016 4171 sanctissimi
1051 4090 1155 4194 regis
1179 4086 1377 4195 Stephani
1398 4089 1662 4189 fundaverat,

258 4225 300 4292 et
331 4212 473 4293 multis
505 4212 1020 4320 possessionibusiuribus
1054 4226 1095 4291 et
1117 4210 1408 4318 praerogativis
1426 4211 1658 4293 dotaverat.

256 4333 335 4415 Sed
368 4360 563 4443 processu
597 4348 830 4441 ternpornm
865 4334 1181 4414 advenientibus
1218 4334 1399 4431 tartaris,
1439 4344 1481 4413 et
1521 4344 1661 4414 totum

256 4484 429 4563 regmrm
457 4456 665 4561 Hungaric
699 4483 747 4536 ac
774 4457 862 4537 ciris
887 4457 1078 4535 decorem
1106 4453 1296 4534 flebiliter
1326 4454 1659 4559 devastantibus

257 4595 442 4687 tempore
492 4578 645 4659 domiui
691 4578 813 4659 llelae
862 4579 966 4682 regis
1013 4577 1158 4684 quarti,
1200 4575 1271 4657 filii
1310 4576 1499 4659 Andreae
1535 4576 1660 4681 regia,

258 4702 382 4807 patris
412 4703 556 4783 beatae
589 4700 858 4802 lllisabetlrae,
898 4699 1109 4806 privilegia
1148 4698 1276 4804 ipsius
1308 4698 1508 4780 ecclesiae
1539 4716 1659 4781 metu

259 4827 438 4931 ipsorum
479 4838 721 4904 tartarorum
769 4823 937 4903 lueumt
978 4834 1185 4929 asportata
1224 4847 1296 4927 pro
1340 4819 1658 4903 conservatione
