3592 5490
746 294 901 398 -8—9*

121 526 197 614 est,
228 524 276 594 ut
299 511 365 594 ibi
397 511 558 620 capella
589 512 628 592 in
663 512 818 593 honore
846 511 955 593 beati
988 511 1094 592 Petri
1129 509 1325 619 principis
1358 522 1522 618 aposto·

122 635 257 717 lorum
297 634 553 717 fundaretur.
597 633 686 714 Rex
725 634 848 740 igitur
890 633 1027 741 Geysa
1071 633 1265 715 fundauit
1305 631 1525 715 ecclesiam

123 756 370 840 Vaoiensern
404 768 447 838 et
478 755 636 839 dotauit
674 754 785 837 illam
800 751 829 861 ¹)
857 754 1007 863 predys
1040 755 1180 837 inultis
1199 768 1241 835 et
1256 753 1526 861 possessioni-

123 881 216 962 bus.
248 877 339 960 Non
373 879 506 961 solum
542 877 759 960 ecclesiam
793 877 919 977 illam,
953 904 1098 958 verum
1117 876 1248 959 eciam
1274 876 1525 978 Budensern,

124 1003 192 1083 cui
225 1000 438 1083 constituit
469 1000 669 1083 tributum
697 1000 735 1080 in
763 1000 883 1081 Pesth
906 1010 948 1080 et
969 1013 1051 1081 tres
1084 999 1200 1081 villas
1231 999 1271 1080 in
1284 994 1315 1104 ²)
1346 998 1526 1107 Symigio

124 1150 175 1205 ac
206 1135 450 1204 ornamenta
481 1123 678 1231 preciosa.

287 1241 384 1327 107.
428 1244 487 1326 Eo
529 1258 716 1353 tempore
764 1243 933 1327 Besseni
980 1242 1232 1325 unanimiter
1276 1256 1528 1350 rogauerunt

125 1393 265 1474 regern
310 1366 502 1474 Geysam,
535 1380 581 1449 ut
614 1367 645 1448 si
680 1393 751 1448 eos
792 1366 968 1447 libertati
1011 1366 1193 1466 donaret,
1228 1365 1304 1473 ipsi
1347 1366 1526 1450 insultus

124 1489 233 1595 regis
264 1487 495 1576 Salomonis
527 1489 695 1571 omnino
729 1489 996 1570 cohercerem
1016 1487 1084 1586 ita,
1111 1488 1222 1594 qnod
1246 1514 1323 1570 nec
1355 1488 1529 1570 auderet

125 1612 242 1693 exire
275 1610 327 1691 de
367 1608 520 1693 lllusun
558 1624 600 1691 et
641 1611 773 1693 Poson
814 1610 866 1691 ad
908 1609 1217 1716 depredandam
1259 1609 1527 1717 Hungariam.

125 1733 217 1814 Rex
265 1744 405 1814 autern
447 1732 583 1840 Geysa
624 1758 669 1813 se
710 1732 903 1840 peticioni
952 1757 1093 1812 eorum
1145 1728 1526 1815 condescensurum

125 1853 325 1963 promisit
359 1854 390 1935 si
424 1853 501 1963 ipsi
535 1854 614 1934 hoc
646 1855 756 1963 quod
802 1853 1073 1962 promiserant
1105 1853 1392 1961 adimplerent.
1426 1855 1526 1939 Bes·

124 1977 215 2061 seni
256 1976 396 2083 itaque
439 2004 534 2059 oum
578 1977 704 2083 (lab)
748 1977 933 2084 principe
976 2002 1118 2057 eorum
1161 1972 1316 2082 Zolta³)
1361 1977 1528 2060 nornine

124 2098 420 2207 equitauerunt
451 2125 576 2206 super
609 2126 746 2204 regern
788 2092 1108 2202 Salomonern⁴).
1142 2096 1248 2180 Corn
1281 2113 1422 2180 autern
1456 2125 1525 2178 ve·

124 2223 284 2304 nissent
314 2220 364 2300 ad
399 2220 650 2320 conflictum,
667 2220 838 2302 Besseni
871 2220 1066 2325 ingerunt
1098 2246 1121 2299 a
1153 2220 1259 2300 facie
1282 2219 1526 2322 Salomonis

124 2344 233 2426 sicut
265 2367 360 2424 cera
390 2369 416 2423 a
455 2343 559 2424 l'acie
602 2343 718 2448 ignis,
752 2358 794 2422 et
837 2342 975 2423 multis
1019 2369 1070 2423 ex
1115 2341 1173 2423 eis
1217 2341 1453 2442 interfectis,
1488 2357 1529 2424 et

125 2467 167 2547 in
202 2478 393 2570 stagnum
426 2461 617 2572 Ferteu⁵)
641 2464 879 2565 submersis,
901 2465 1023 2570 pauci
1056 2491 1151 2545 curn
1185 2464 1300 2545 Zolta
1331 2464 1529 2571 fugiendo

124 2582 403 2692 euaserunt⁶).

287 2704 589 2814 108.Postea⁷)
612 2724 750 2791 autern
784 2736 858 2789 rex
891 2706 1085 2789 Salomon
1121 2725 1312 2792 metuens
1345 2710 1526 2817 Geysarn

123 2857 264 2937 regern
300 2844 342 2911 et
373 2830 501 2938 ipsius
534 2831 699 2912 fratrem
710 2826 755 2938 ⁸),
774 2858 868 2911 curn
905 2830 1029 2911 rebus
1062 2845 1103 2910 et
1133 2830 1289 2911 larnilia
1321 2827 1527 2936 Stiriarnl)

125 2952 325 3053 introiuit,
359 2967 401 3033 et
440 2953 480 3033 iu
519 2953 697 3035 claustro
732 2947 991 3057 Agmund¹⁰)
1035 2966 1165 3032 matre
1199 2966 1240 3034 et
1272 2977 1402 3035 uxore
1436 2953 1528 3033 reli·

123 3071 281 3180 ctis¹¹)‚
314 3075 356 3154 in
399 3071 551 3156 Musun
596 3089 658 3158 est
700 3101 904 3175 reuersus
938 3074 1082 3155 rolens
1126 3075 1299 3156 collecto
1343 3074 1529 3156 exercitu

122 3195 326 3279 inuadere
358 3196 504 3278 ambos
536 3191 758 3304 f1·atres¹²).
786 3195 978 3302 Cumque
1011 3196 1062 3275 de
1096 3195 1162 3277 die
1195 3197 1235 3277 in
1270 3196 1379 3277 diern
1414 3195 1528 3277 Salo-

123 3346 226 3402 mon
261 3318 468 3418 deficeret,
501 3318 573 3399 sed
606 3318 771 3399 illorum
815 3344 1032 3424 processus
1066 3318 1268 3425 reciperet
1299 3318 1435 3399 felicia
1468 3318 1529 3397 in-

123 3453 351 3541 crementa,
396 3434 656 3546 confusns¹³)
698 3439 750 3521 ad
792 3438 984 3521 Cesarem
1028 3439 1179 3520 direxit
1220 3465 1385 3546 gressus
1418 3466 1528 3541 suos

123 3563 342 3671 requirens
379 3557 538 3670 eum¹⁴)
580 3574 626 3642 ut
657 3561 695 3641 ei
727 3561 929 3644 auxilium
966 3561 1163 3642 tribueret
1199 3562 1239 3643 in
1278 3561 1529 3667 Hungariam

123 3682 375 3768 reuerteudi.
423 3682 475 3763 Et
521 3683 618 3763 licet
676 3684 893 3791 pecuniam
951 3683 1132 3765 dedisset
1189 3682 1405 3765 affluenter
1457 3709 1531 3789 pro

124 3807 328 3890 militibus
370 3804 605 3904 solidandis,
653 3804 849 3886 teutonici
891 3819 1029 3885 tamen
1065 3819 1105 3885 et
1146 3805 1260 3886 latini
1305 3833 1400 3886 cum
1442 3806 1532 3912 ipso

127 3932 181 4012 ob
215 3940 374 4009 metum
409 3953 489 4007 non
524 3941 729 4007 venerunt
760 3923 1117 4032 hurrgarorrrrrr¹⁵).
1166 3927 1395 4034 lrnperator
1436 3954 1532 4032 ergo

128 4051 265 4132 verbis
313 4047 544 4129 Salomonis
578 4045 867 4155 permotus¹⁶)‚
910 4077 1005 4129 curn
1055 4071 1203 4154 magno
1243 4051 1429 4130 exercitu
1473 4050 1533 4129 in-

289 4269 315 4351 ¹)
339 4295 424 4345 earn.
456 4267 482 4359 ²)
507 4272 558 4343 de.
589 4273 623 4343 S.
655 4271 698 4345 il.
730 4267 756 4351 ³l
782 4274 915 4345 Zullnn.
938 4273 1013 4345 VP.
1045 4267 1071 4334 ‘l
1096 4270 1312 4365 Collcqrriurn
1341 4272 1535 4346 Salomonis

132 4401 203 4452 curn
232 4378 438 4461 marchione,
468 4378 632 4450 omittunt
660 4398 776 4449 ornnes
805 4385 941 4469 praeter
962 4375 1036 4448 Vl‘.
1068 4371 1093 4444 ὁ)
1119 4379 1256 4449 ferreus.
1278 4383 1312 4450 S.
1345 4375 1370 4450 ⁰)
1399 4377 1534 4463 „Victis

131 4483 246 4576 itaque
277 4522 321 4533 —
352 4502 510 4553 reuersus
538 4489 591 4553 ost
620 4483 661 4554 ad
682 4480 840 4574 propria“
864 4482 967 4554 habet
987 4481 1063 4554 Vl’.
1096 4477 1122 4561 ’,ν
1151 4487 1316 4573 preterea.
1346 4480 1380 4552 S.
1412 4475 1439 4542 ⁸»
1465 4482 1532 4552 fra-

129 4588 209 4663 lres.
242 4585 317 4660 VP.
348 4578 375 4666 ⁹)
419 4585 576 4658 istiriam
607 4585 646 4662 S.
680 4583 720 4663 ¹⁰)
758 4586 950 4678 Augnund.
982 4588 1023 4658 A.
1059 4581 1099 4667 ¹¹)
1130 4584 1312 4658 derelictis.
1347 4579 1388 4662 ¹¹)
1418 4585 1532 4657 inuad.

122 4690 256 4769 tratres
284 4711 374 4766 suos.
401 4689 472 4766 VP.
506 4685 750 4772 1³>confessus
781 4690 818 4767 S.
851 4686 1001 4784 ¹*rrequ
1024 4714 1110 4765 euro.
1139 4712 1204 4765 orn.
1239 4685 1278 4778 ¹⁵)
1292 4689 1408 4765 Oratio
1436 4689 1533 4765 Salo·

119 4795 240 4878 nonis
267 4794 591 4983 ogpmperatorern.
612 4796 649 4874 in
668 4795 745 4874 VP.
763 4818 798 4895 p.
824 4796 906 4872 189.
940 4792 980 4878 ¹⁶)
993 4797 1068 4896 Hys
1086 4794 1196 4895 igitur
1214 4795 1328 4873 verbis
1346 4795 1537 4894 imperator

112 4907 257 4984 notus.
355 4958 364 4980 .

1400 5039 1435 5104 18

1633 5036 1704 5128 A
