3660 5506
834 291 988 396 *ga-

208 534 281 615 pro
316 521 514 614 perpetue
534 508 645 616 pacis
664 512 882 592 concordia
915 509 1224 617 eornponenrla3
1259 507 1368 616 quorl
1392 522 1433 590 et
1455 509 1612 589 lactum

209 642 281 711 est.
320 630 443 710 Oumi
487 632 552 711 (lie
594 633 704 714 enim
738 634 787 713 all
835 633 1052 740 prandium
1099 632 1202 737 regis
1248 633 1521 713 bohemorum
1558 658 1614 710 ex

211 752 521 856 magnificencia
555 755 658 858 regis
679 755 885 860 llungario
919 755 1266 862 expendebantur
1298 755 1380 834 duo
1415 753 1545 833 millia
1575 768 1618 833 et

211 875 424 979 quingenti
461 902 600 980 panes,
635 892 675 956 et
713 879 763 957 (le
799 879 899 959 ciliis
943 877 1147 981 regalibus
1192 877 1367 982 copiose.
1406 875 1616 955 Pabulum

211 996 341 1075 eciam
377 1000 494 1103 equis
527 999 611 1078 suis
647 1027 718 1105 per
750 1000 931 1105 singulos
965 1001 1052 1080 (lies
1082 999 1410 1104 vigintiquinque
1444 997 1617 1103 garlete.

213 1118 275 1199 Ad
320 1119 537 1224 prandium
582 1149 678 1201 rero
723 1122 827 1226 regis
872 1122 1115 1202 l'olonomm
1161 1120 1271 1200 mille
1315 1137 1356 1200 et
1396 1119 1618 1226 quingenti

210 1266 352 1346 panes,
386 1241 436 1320 (le
471 1242 631 1350 cibarys
665 1245 795 1324 eciam
832 1245 1131 1324 habmulauter.
1168 1241 1230 1321 be
1249 1243 1344 1322 rino
1377 1261 1517 1322 autem
1539 1269 1618 1322 ex-

211 1389 338 1468 pense
372 1381 469 1443 sum
501 1379 668 1445 centnm
703 1382 744 1445 et
776 1367 983 1470 octoginta
1016 1365 1184 1446 tunelle.
1211 1364 1506 1445 Remunerauit
1540 1391 1618 1444 au·

211 1499 294 1563 tem
330 1511 400 1564 rex
436 1485 612 1591 Ungarie
647 1515 783 1593 regem
831 1489 1101 1569 lmhemorum
1135 1486 1307 1567 ‹liuersis
1342 1502 1382 1565 et
1414 1485 1618 1593 preciosis

211 1606 430 1713 clenodys3
473 1608 664 1689 videlieet
704 1611 1003 1716 quinquaginta
1046 1609 1154 1690 vasis
1198 1609 1413 1714 argenteis,
1447 1609 1619 1690 duabus

211 1727 422 1833 pharetris,
457 1730 620 1812 (luobus
656 1733 811 1832 balteis,
847 1749 887 1812 et
922 1760 1003 1812 una
1045 1732 1187 1812 tabula
1219 1757 1291 1837 pro
1325 1730 1455 1811 scacis
1490 1730 1619 1810 mira·

210 1849 300 1949 bili3
334 1850 496 1932 duabus
529 1853 639 1934 sellis
674 1853 958 1935 inestimabilis
981 1882 1118 1961 pretty,
1138 1879 1220 1934 uuo
1255 1852 1619 1934 bicoellovalente

210 1972 410 2054 ‹lucent-as
445 1997 601 2056 marcas
635 1977 803 2080 argenti,
823 1991 863 2056 et
882 2004 963 2058 mra
996 1976 1155 2056 concha
1189 1974 1497 2079 margaritarum
1539 1975 1620 2054 mi·

210 2093 327 2174 rabili
360 2120 484 2201 opere
519 2099 757 2203 coraposito.
792 2099 894 2178 ltem
941 2127 1012 2178 rex
1046 2097 1212 2178 Polouie
1247 2116 1334 2177 erat
1367 2096 1447 2201 regi
1482 2096 1619 2179 bohe-

212 2242 371 2296 morum
407 2218 623 2319 censualis,
657 2236 698 2299 et
731 2221 828 2326 quia
861 2250 934 2300 rex
967 2219 1177 2324 lluugarie
1217 2219 1397 2300 babebat
1428 2245 1619 2300 sororem

211 2337 314 2442 regis
348 2337 513 2419 Polouie
548 2341 588 2420 in
623 2368 815 2435 uxm·em;
848 2342 961 2422 uam
979 2343 1015 2421 ei
1034 2371 1105 2423 rex
1141 2341 1348 2446 Hungarie
1383 2340 1491 2420 idem
1528 2341 1618 2421 Ka-

211 2460 321 2540 rolus
354 2460 404 2540 ad
439 2462 726 2544 retlimemhuu
771 2492 867 2544 eum
909 2493 1045 2568 regem
1088 2465 1139 2544 de
1172 2463 1384 2544 solucione
1425 2463 1622 2544 censuali

210 2581 293 2685 regi
328 2582 600 2664 bohemorum
634 2587 881 2691 quingentas
915 2613 1073 2666 mareas
1107 2587 1192 2666 auri
1226 2585 1446 2692 purissimi.
1480 2583 1534 2665 Et
1559 2587 1621 2666 ibi

211 2703 445 2785 ordinatum
494 2720 567 2808 est,
611 2722 656 2788 ut
698 2736 909 2814 qnernque
960 2710 1141 2815 ipsorum
1191 2736 1332 2812 regum
1376 2706 1441 2787 vel
1485 2734 1623 2813 regua

212 2852 353 2906 eorum
389 2828 514 2909 hostis
550 2829 764 2911 inuaderet
795 2832 954 2936 aliquis,
990 2831 1111 2911 ceteri
1155 2831 1335 2911 debeant
1368 2829 1407 2910 in
1440 2829 1505 2910 sui
1541 2830 1623 2910 atl-

213 2947 405 3029 iutorium
440 2966 480 3030 et
513 2951 709 3032 iuuamen
747 2954 953 3035 lestiuare.
986 2953 1038 3033 Et
1070 2952 1176 3035 istud
1210 2952 1287 3033 luit
1320 2951 1622 3034 confirmatum

212 3070 317 3150 inter
350 3097 420 3154 eos
453 3099 602 3179 magno
635 3076 775 3156 fellere
809 3076 1040 3156 iuramenti.

720 3313 1006 3414 (heidontia.
1034 3314 1105 3415 B.)

373 3527 470 3603 144.
517 3527 636 3607 :luno
685 3527 837 3609 domini
889 3531 1107 3611 millesimo
1151 3527 1428 3610 tricentesirno
1475 3528 1624 3634 (trice-

213 3643 336 3749 simo)
381 3665 542 3749 irratam),
577 3651 683 3729 circa
731 3654 881 3732 testum
931 3652 1211 3759 apostolorum
1255 3650 1360 3730 Petri
1403 3665 1444 3730 et
1485 3649 1623 3753 Pauli,

213 3765 406 3847 (lominus
441 3768 596 3849 lothhu
629 3772 715 3851 (lux
751 3777 1020 3854 ruthenmum
1056 3772 1167 3853 veuit
1200 3772 1240 3852 in
1279 3769 1486 3880 Vysegrad
1518 3799 1622 3855 oum

214 3887 345 3968 electo
378 3891 534 3995 populo
571 3893 744 3973 militum
790 3925 973 3996 suorum,
1007 3897 1057 3976 atl
1091 3922 1227 4000 regem
1264 3893 1463 3975 Karolum
1496 3892 1623 3976 Hun-

213 4009 323 4112 garie
358 4012 600 4116 promittens
634 4015 669 4094 ei
704 4019 837 4096 ornuis
871 4018 1056 4098 amicicie
1091 4017 1405 4099 incrementum.

212 4251 297 4343 grad
327 4276 415 4325 anuo
444 4253 586 4327 XXXll
619 4258 715 4348 mgni
745 4259 796 4329 sui
827 4283 885 4331 rex
921 4260 1073 4331 Karalus
1102 4266 1154 4331 est
1193 4259 1281 4331 uiam
1315 4257 1473 4331 uniuerso
1502 4256 1623 4332 caruis

214 4354 389 4447 ingressus
418 4364 451 4429 et
480 4360 634 4450 sequenti
672 4362 756 4434 l'eria
788 4365 855 4436 l'la
896 4365 1010 4437 Xllll
1039 4363 1086 4436 kl.
1117 4362 1266 4436 eiusdem
1304 4363 1432 4437 mensis
1459 4361 1495 4434 iu
1527 4363 1623 4436 Alba

213 4459 320 4552 regali
349 4461 570 4535 ‹zlruotissiure
599 4468 796 4538 tumulatur.
819 4469 937 4542 Terrio
967 4492 1046 4541 uero
1076 4468 1128 4540 ilie
1158 4464 1620 4541 soil.1lie‹lornirriraXlI.

213 4563 259 4634 hl.
291 4566 478 4658 supradicti
508 4568 634 4642 rueusis
662 4569 754 4644 filius
782 4573 854 4645 eius
884 4574 1073 4646 horluuicus
1103 4573 1231 4644 rleriruo
1262 4572 1407 4667 septimo
1436 4594 1525 4644 auno
1546 4569 1621 4643 uite

214 4690 273 4740 sue
302 4669 447 4742 feliciter
476 4681 666 4746 coronatur.
696 4675 839 4749 Finis.
871 4680 1013 4752 Amen.
1046 4680 1131 4750 lleo
1159 4678 1349 4770 gratias.
1382 4677 1507 4750 Eadem
1535 4677 1621 4749 sub·

213 4770 323 4866 iungit
361 4775 461 4870 paulo
502 4778 670 4869 prolixius
707 4778 828 4858 Coun
871 4783 910 4856 A.
941 4781 1016 4855 rhle
1057 4785 1154 4857 aaut.
1189 4782 1524 4879 r01.11.p.245.
1555 4802 1624 4857 uec

212 4878 303 4953 ultra
330 4881 561 4978 progreditur.
