<?xml version="1.0" encoding="UTF-8"?>
<!DOCTYPE html PUBLIC "-//W3C//DTD XHTML 1.0 Transitional//EN"
    "http://www.w3.org/TR/xhtml1/DTD/xhtml1-transitional.dtd">
<html xmlns="http://www.w3.org/1999/xhtml" xml:lang="en" lang="en">
 <head>
  <title>
</title>
<meta http-equiv="Content-Type" content="text/html;charset=utf-8" />
  <meta name='ocr-system' content='tesseract 3.04.00' />
  <meta name='ocr-capabilities' content='ocr_page ocr_carea ocr_par ocr_line ocrx_word'/>
</head>
<body>
  <div class='ocr_page' id='page_1' title='image "./chronicondubnic00florgoog_0220.png"; bbox 0 0 3592 5490; ppageno 0'>
   <div class='ocr_carea' id='block_1_1' title="bbox 747 362 903 461">
    <p class='ocr_par' dir='ltr' id='par_1_1' title="bbox 747 362 903 461">
     <span class='ocr_line' id='line_1_1' title="bbox 747 362 903 461; baseline 0 -35"><span class='ocrx_word' id='word_1_1' title='bbox 747 362 903 461; x_wconf 48' lang='lat' dir='ltr'>Q</span> 
     </span>
    </p>
   </div>
   <div class='ocr_carea' id='block_1_2' title="bbox 117 575 1532 3618">
    <p class='ocr_par' dir='ltr' id='par_1_2' title="bbox 117 575 1529 1539">
     <span class='ocr_line' id='line_1_2' title="bbox 119 575 1528 685; baseline -0.001 -28"><span class='ocrx_word' id='word_1_2' title='bbox 119 604 237 680; x_wconf 86' lang='lat' dir='ltr'>nans,</span> <span class='ocrx_word' id='word_1_3' title='bbox 271 592 364 685; x_wconf 86' lang='lat' dir='ltr'>post</span> <span class='ocrx_word' id='word_1_4' title='bbox 396 576 473 658; x_wconf 90' lang='lat' dir='ltr'>hec</span> <span class='ocrx_word' id='word_1_5' title='bbox 504 576 580 658; x_wconf 91' lang='lat' dir='ltr'>tibi</span> <span class='ocrx_word' id='word_1_6' title='bbox 612 577 883 683; x_wconf 83' lang='lat' dir='ltr'><strong>respondebo.</strong></span> <span class='ocrx_word' id='word_1_7' title='bbox 921 578 1139 684; x_wconf 61' lang='lat' dir='ltr'>¹dilataque</span> <span class='ocrx_word' id='word_1_8' title='bbox 1172 590 1235 659; x_wconf 89' lang='lat' dir='ltr'>est</span> <span class='ocrx_word' id='word_1_9' title='bbox 1261 576 1361 657; x_wconf 90' lang='lat' dir='ltr'>tuba</span> <span class='ocrx_word' id='word_1_10' title='bbox 1394 575 1452 678; x_wconf 92' lang='lat' dir='ltr'>ei,</span> <span class='ocrx_word' id='word_1_11' title='bbox 1486 587 1528 655; x_wconf 87' lang='lat' dir='ltr'>et</span> 
     </span>
     <span class='ocr_line' id='line_1_3' title="bbox 117 697 1522 807; baseline -0.002 -27"><span class='ocrx_word' id='word_1_12' title='bbox 117 700 457 807; x_wconf 86' lang='lat' dir='ltr'>appropinquans</span> <span class='ocrx_word' id='word_1_13' title='bbox 483 698 633 801; x_wconf 85' lang='lat' dir='ltr'>cesari,</span> <span class='ocrx_word' id='word_1_14' title='bbox 667 726 763 780; x_wconf 91' lang='lat' dir='ltr'>cnm</span> <span class='ocrx_word' id='word_1_15' title='bbox 797 728 841 781; x_wconf 85' lang='lat' dir='ltr'>sc</span> <span class='ocrx_word' id='word_1_16' title='bbox 876 700 1077 805; x_wconf 88' lang='lat' dir='ltr'>ingereret</span> <span class='ocrx_word' id='word_1_17' title='bbox 1109 700 1158 780; x_wconf 93' lang='lat' dir='ltr'>ad</span> <span class='ocrx_word' id='word_1_18' title='bbox 1199 697 1522 800; x_wconf 77' lang='lat' dir='ltr'>buccinandum,</span> 
     </span>
     <span class='ocr_line' id='line_1_4' title="bbox 120 819 1529 929; baseline -0.002 -28"><span class='ocrx_word' id='word_1_19' title='bbox 120 823 256 929; x_wconf 88' lang='lat' dir='ltr'>ipsum</span> <span class='ocrx_word' id='word_1_20' title='bbox 291 848 472 903; x_wconf 89' lang='lat' dir='ltr'>cesarem</span> <span class='ocrx_word' id='word_1_21' title='bbox 506 821 564 902; x_wconf 85' lang='lat' dir='ltr'>sic</span> <span class='ocrx_word' id='word_1_22' title='bbox 596 821 753 902; x_wconf 88' lang='lat' dir='ltr'>fortiter</span> <span class='ocrx_word' id='word_1_23' title='bbox 786 822 825 902; x_wconf 92' lang='lat' dir='ltr'>in</span> <span class='ocrx_word' id='word_1_24' title='bbox 858 823 990 903; x_wconf 78' lang='lat' dir='ltr'>fronte</span> <span class='ocrx_word' id='word_1_25' title='bbox 1029 849 1125 903; x_wconf 88' lang='lat' dir='ltr'>cum</span> <span class='ocrx_word' id='word_1_26' title='bbox 1169 822 1272 903; x_wconf 91' lang='lat' dir='ltr'>tuba</span> <span class='ocrx_word' id='word_1_27' title='bbox 1311 819 1529 928; x_wconf 80' lang='lat' dir='ltr'>percussit,</span> 
     </span>
     <span class='ocr_line' id='line_1_5' title="bbox 120 941 1529 1050; baseline -0.001 -27"><span class='ocrx_word' id='word_1_28' title='bbox 120 960 167 1024; x_wconf 87' lang='lat' dir='ltr'>nt</span> <span class='ocrx_word' id='word_1_29' title='bbox 208 943 277 1024; x_wconf 87' lang='lat' dir='ltr'>illo</span> <span class='ocrx_word' id='word_1_30' title='bbox 314 943 402 1024; x_wconf 90' lang='lat' dir='ltr'>solo</span> <span class='ocrx_word' id='word_1_31' title='bbox 442 944 527 1026; x_wconf 90' lang='lat' dir='ltr'>ictu</span> <span class='ocrx_word' id='word_1_32' title='bbox 568 943 791 1050; x_wconf 89' lang='lat' dir='ltr'>imperator</span> <span class='ocrx_word' id='word_1_33' title='bbox 834 957 1072 1025; x_wconf 90' lang='lat' dir='ltr'>moreretur.</span> <span class='ocrx_word' id='word_1_34' title='bbox 1114 942 1314 1050; x_wconf 84' lang='lat' dir='ltr'>Dixitque</span> <span class='ocrx_word' id='word_1_35' title='bbox 1359 943 1417 1022; x_wconf 88' lang='lat' dir='ltr'>ei:</span> <span class='ocrx_word' id='word_1_36' title='bbox 1465 941 1529 1022; x_wconf 88' lang='lat' dir='ltr'>Tu</span> 
     </span>
     <span class='ocr_line' id='line_1_6' title="bbox 121 1064 1526 1172; baseline -0.001 -26"><span class='ocrx_word' id='word_1_37' title='bbox 121 1065 276 1172; x_wconf 84' lang='lat' dir='ltr'>preibis</span> <span class='ocrx_word' id='word_1_38' title='bbox 308 1078 404 1146; x_wconf 86' lang='lat' dir='ltr'>ante</span> <span class='ocrx_word' id='word_1_39' title='bbox 437 1094 521 1168; x_wconf 91' lang='lat' dir='ltr'>rne,</span> <span class='ocrx_word' id='word_1_40' title='bbox 572 1065 781 1172; x_wconf 85' lang='lat' dir='ltr'>michique</span> <span class='ocrx_word' id='word_1_41' title='bbox 813 1066 855 1146; x_wconf 92' lang='lat' dir='ltr'>in</span> <span class='ocrx_word' id='word_1_42' title='bbox 887 1066 967 1147; x_wconf 86' lang='lat' dir='ltr'>alio</span> <span class='ocrx_word' id='word_1_43' title='bbox 999 1066 1140 1147; x_wconf 87' lang='lat' dir='ltr'>seculo</span> <span class='ocrx_word' id='word_1_44' title='bbox 1174 1066 1253 1146; x_wconf 83' lang='lat' dir='ltr'>eris</span> <span class='ocrx_word' id='word_1_45' title='bbox 1285 1064 1526 1147; x_wconf 79' lang='lat' dir='ltr'>seruiturus</span> 
     </span>
     <span class='ocr_line' id='line_1_7' title="bbox 123 1185 1529 1301; baseline -0.002 -33"><span class='ocrx_word' id='word_1_46' title='bbox 123 1187 196 1268; x_wconf 84' lang='lat' dir='ltr'>Est</span> <span class='ocrx_word' id='word_1_47' title='bbox 227 1187 336 1266; x_wconf 90' lang='lat' dir='ltr'>enirn</span> <span class='ocrx_word' id='word_1_48' title='bbox 370 1187 473 1269; x_wconf 84' lang='lat' dir='ltr'>fides</span> <span class='ocrx_word' id='word_1_49' title='bbox 506 1186 764 1286; x_wconf 87' lang='lat' dir='ltr'>sciticorurn,</span> <span class='ocrx_word' id='word_1_50' title='bbox 814 1201 860 1270; x_wconf 88' lang='lat' dir='ltr'>nt</span> <span class='ocrx_word' id='word_1_51' title='bbox 892 1216 1166 1295; x_wconf 87' lang='lat' dir='ltr'>quoscunque</span> <span class='ocrx_word' id='word_1_52' title='bbox 1199 1188 1387 1301; x_wconf 82' lang='lat' dir='ltr'>uiuentes</span> <span class='ocrx_word' id='word_1_53' title='bbox 1421 1185 1529 1267; x_wconf 89' lang='lat' dir='ltr'>occi·</span> 
     </span>
     <span class='ocr_line' id='line_1_8' title="bbox 123 1308 1529 1416; baseline 0 -27"><span class='ocrx_word' id='word_1_54' title='bbox 123 1310 247 1411; x_wconf 91' lang='lat' dir='ltr'>dunt,</span> <span class='ocrx_word' id='word_1_55' title='bbox 296 1309 337 1389; x_wconf 91' lang='lat' dir='ltr'>iu</span> <span class='ocrx_word' id='word_1_56' title='bbox 370 1309 449 1390; x_wconf 90' lang='lat' dir='ltr'>alio</span> <span class='ocrx_word' id='word_1_57' title='bbox 482 1308 623 1391; x_wconf 83' lang='lat' dir='ltr'>seculo</span> <span class='ocrx_word' id='word_1_58' title='bbox 656 1310 876 1392; x_wconf 87' lang='lat' dir='ltr'>seruitorcs</span> <span class='ocrx_word' id='word_1_59' title='bbox 910 1311 1100 1392; x_wconf 89' lang='lat' dir='ltr'>habeant.</span> <span class='ocrx_word' id='word_1_60' title='bbox 1137 1308 1389 1416; x_wconf 89' lang='lat' dir='ltr'>Detentique</span> <span class='ocrx_word' id='word_1_61' title='bbox 1431 1320 1529 1391; x_wconf 90' lang='lat' dir='ltr'>sunt</span> 
     </span>
     <span class='ocr_line' id='line_1_9' title="bbox 122 1431 926 1539; baseline 0.011 -28"><span class='ocrx_word' id='word_1_62' title='bbox 122 1432 211 1512; x_wconf 88' lang='lat' dir='ltr'>sine</span> <span class='ocrx_word' id='word_1_63' title='bbox 247 1457 360 1511; x_wconf 89' lang='lat' dir='ltr'>mora</span> <span class='ocrx_word' id='word_1_64' title='bbox 393 1447 435 1512; x_wconf 85' lang='lat' dir='ltr'>et</span> <span class='ocrx_word' id='word_1_65' title='bbox 468 1431 689 1538; x_wconf 84' lang='lat' dir='ltr'>Ratispone</span> <span class='ocrx_word' id='word_1_66' title='bbox 721 1433 926 1539; x_wconf 86' lang='lat' dir='ltr'>suspensi.</span> 
     </span>
    </p>

    <p class='ocr_par' dir='ltr' id='par_1_3' title="bbox 122 1553 1532 3618">
     <span class='ocr_line' id='line_1_10' title="bbox 283 1553 1531 1661; baseline -0.002 -27"><span class='ocrx_word' id='word_1_67' title='bbox 283 1554 353 1634; x_wconf 95' lang='grc'>22.</span> <span class='ocrx_word' id='word_1_68' title='bbox 389 1553 505 1635; x_wconf 88' lang='lat' dir='ltr'>Alius</span> <span class='ocrx_word' id='word_1_69' title='bbox 538 1580 634 1634; x_wconf 90' lang='lat' dir='ltr'>vero</span> <span class='ocrx_word' id='word_1_70' title='bbox 669 1556 876 1637; x_wconf 86' lang='lat' dir='ltr'>exercitus</span> <span class='ocrx_word' id='word_1_71' title='bbox 911 1555 1201 1660; x_wconf 90' lang='lat' dir='ltr'>hungarorum,</span> <span class='ocrx_word' id='word_1_72' title='bbox 1236 1555 1274 1635; x_wconf 93' lang='lat' dir='ltr'>in</span> <span class='ocrx_word' id='word_1_73' title='bbox 1310 1566 1531 1661; x_wconf 88' lang='lat' dir='ltr'>quoerant</span> 
     </span>
     <span class='ocr_line' id='line_1_11' title="bbox 125 1675 1531 1783; baseline 0 -27"><span class='ocrx_word' id='word_1_74' title='bbox 125 1677 232 1756; x_wconf 89' lang='lat' dir='ltr'>hene</span> <span class='ocrx_word' id='word_1_75' title='bbox 264 1675 444 1757; x_wconf 88' lang='lat' dir='ltr'>virorum</span> <span class='ocrx_word' id='word_1_76' title='bbox 479 1690 728 1756; x_wconf 89' lang='lat' dir='ltr'>armatorum</span> <span class='ocrx_word' id='word_1_77' title='bbox 750 1677 821 1757; x_wconf 85' lang='lat' dir='ltr'>XL</span> <span class='ocrx_word' id='word_1_78' title='bbox 855 1677 977 1779; x_wconf 84' lang='lat' dir='ltr'>milia,</span> <span class='ocrx_word' id='word_1_79' title='bbox 1012 1677 1082 1783; x_wconf 91' lang='lat' dir='ltr'>qui</span> <span class='ocrx_word' id='word_1_80' title='bbox 1116 1677 1236 1782; x_wconf 89' lang='lat' dir='ltr'>longe</span> <span class='ocrx_word' id='word_1_81' title='bbox 1270 1676 1531 1782; x_wconf 82' lang='lat' dir='ltr'>abAugusta</span> 
     </span>
     <span class='ocr_line' id='line_1_12' title="bbox 122 1797 1529 1906; baseline 0.001 -28"><span class='ocrx_word' id='word_1_82' title='bbox 122 1799 215 1899; x_wconf 83' lang='lat' dir='ltr'>fuit,</span> <span class='ocrx_word' id='word_1_83' title='bbox 265 1797 305 1877; x_wconf 94' lang='lat' dir='ltr'>in</span> <span class='ocrx_word' id='word_1_84' title='bbox 355 1799 563 1904; x_wconf 87' lang='lat' dir='ltr'>quandam</span> <span class='ocrx_word' id='word_1_85' title='bbox 614 1799 789 1880; x_wconf 86' lang='lat' dir='ltr'>insulam</span> <span class='ocrx_word' id='word_1_86' title='bbox 839 1827 883 1880; x_wconf 90' lang='lat' dir='ltr'>se</span> <span class='ocrx_word' id='word_1_87' title='bbox 932 1801 1102 1906; x_wconf 90' lang='lat' dir='ltr'>recepit,</span> <span class='ocrx_word' id='word_1_88' title='bbox 1149 1814 1191 1879; x_wconf 86' lang='lat' dir='ltr'>et</span> <span class='ocrx_word' id='word_1_89' title='bbox 1236 1798 1336 1879; x_wconf 91' lang='lat' dir='ltr'>dnm</span> <span class='ocrx_word' id='word_1_90' title='bbox 1379 1797 1529 1880; x_wconf 89' lang='lat' dir='ltr'>cesaris</span> 
     </span>
     <span class='ocr_line' id='line_1_13' title="bbox 125 1920 1528 2029; baseline 0.001 -30"><span class='ocrx_word' id='word_1_91' title='bbox 125 1920 332 2002; x_wconf 79' lang='lat' dir='ltr'>exercitus</span> <span class='ocrx_word' id='word_1_92' title='bbox 365 1920 444 2000; x_wconf 91' lang='lat' dir='ltr'>iam</span> <span class='ocrx_word' id='word_1_93' title='bbox 478 1947 522 2001; x_wconf 86' lang='lat' dir='ltr'>se</span> <span class='ocrx_word' id='word_1_94' title='bbox 556 1920 770 2022; x_wconf 87' lang='lat' dir='ltr'>diuideret,</span> <span class='ocrx_word' id='word_1_95' title='bbox 804 1922 998 2003; x_wconf 90' lang='lat' dir='ltr'>maiorem</span> <span class='ocrx_word' id='word_1_96' title='bbox 1019 1939 1178 2029; x_wconf 89' lang='lat' dir='ltr'>partem</span> <span class='ocrx_word' id='word_1_97' title='bbox 1207 1948 1349 2004; x_wconf 90' lang='lat' dir='ltr'>versus</span> <span class='ocrx_word' id='word_1_98' title='bbox 1368 1921 1528 2001; x_wconf 87' lang='lat' dir='ltr'>Renum</span> 
     </span>
     <span class='ocr_line' id='line_1_14' title="bbox 124 2042 1528 2151; baseline 0.001 -30"><span class='ocrx_word' id='word_1_99' title='bbox 124 2043 365 2123; x_wconf 82' lang='lat' dir='ltr'>tendentem</span> <span class='ocrx_word' id='word_1_100' title='bbox 417 2042 589 2147; x_wconf 85' lang='lat' dir='ltr'>hungari</span> <span class='ocrx_word' id='word_1_101' title='bbox 637 2043 861 2146; x_wconf 85' lang='lat' dir='ltr'>inuadunt,</span> <span class='ocrx_word' id='word_1_102' title='bbox 920 2072 1049 2151; x_wconf 87' lang='lat' dir='ltr'>equos</span> <span class='ocrx_word' id='word_1_103' title='bbox 1097 2042 1252 2148; x_wconf 83' lang='lat' dir='ltr'>sagittis</span> <span class='ocrx_word' id='word_1_104' title='bbox 1302 2042 1528 2123; x_wconf 89' lang='lat' dir='ltr'>occidendo</span> 
     </span>
     <span class='ocr_line' id='line_1_15' title="bbox 124 2164 1530 2272; baseline 0.001 -28"><span class='ocrx_word' id='word_1_105' title='bbox 124 2166 320 2271; x_wconf 88' lang='lat' dir='ltr'>ipsorum,</span> <span class='ocrx_word' id='word_1_106' title='bbox 369 2164 480 2270; x_wconf 89' lang='lat' dir='ltr'>ipsos</span> <span class='ocrx_word' id='word_1_107' title='bbox 529 2166 658 2245; x_wconf 90' lang='lat' dir='ltr'>eciam</span> <span class='ocrx_word' id='word_1_108' title='bbox 709 2167 991 2270; x_wconf 86' lang='lat' dir='ltr'>conducendo,</span> <span class='ocrx_word' id='word_1_109' title='bbox 1041 2181 1087 2247; x_wconf 91' lang='lat' dir='ltr'>nt</span> <span class='ocrx_word' id='word_1_110' title='bbox 1128 2193 1265 2272; x_wconf 89' lang='lat' dir='ltr'>neque</span> <span class='ocrx_word' id='word_1_111' title='bbox 1307 2166 1530 2272; x_wconf 88' lang='lat' dir='ltr'>procedere</span> 
     </span>
     <span class='ocr_line' id='line_1_16' title="bbox 125 2287 1526 2396; baseline 0.001 -29"><span class='ocrx_word' id='word_1_112' title='bbox 125 2313 264 2394; x_wconf 92' lang='lat' dir='ltr'>neque</span> <span class='ocrx_word' id='word_1_113' title='bbox 297 2287 553 2367; x_wconf 84' lang='lat' dir='ltr'>retrocedere</span> <span class='ocrx_word' id='word_1_114' title='bbox 587 2288 761 2394; x_wconf 89' lang='lat' dir='ltr'>quirent.</span> <span class='ocrx_word' id='word_1_115' title='bbox 798 2288 916 2396; x_wconf 87' lang='lat' dir='ltr'>Capti</span> <span class='ocrx_word' id='word_1_116' title='bbox 950 2315 1044 2394; x_wconf 91' lang='lat' dir='ltr'>ergo</span> <span class='ocrx_word' id='word_1_117' title='bbox 1077 2304 1196 2388; x_wconf 82' lang='lat' dir='ltr'>sunt3</span> <span class='ocrx_word' id='word_1_118' title='bbox 1244 2316 1338 2368; x_wconf 92' lang='lat' dir='ltr'>curn</span> <span class='ocrx_word' id='word_1_119' title='bbox 1374 2288 1526 2394; x_wconf 90' lang='lat' dir='ltr'>quihus</span> 
     </span>
     <span class='ocr_line' id='line_1_17' title="bbox 124 2409 1529 2518; baseline -0.001 -27"><span class='ocrx_word' id='word_1_120' title='bbox 124 2409 297 2514; x_wconf 83' lang='lat' dir='ltr'>hungari</span> <span class='ocrx_word' id='word_1_121' title='bbox 332 2410 527 2511; x_wconf 89' lang='lat' dir='ltr'>residuos,</span> <span class='ocrx_word' id='word_1_122' title='bbox 563 2436 667 2516; x_wconf 85' lang='lat' dir='ltr'>quos</span> <span class='ocrx_word' id='word_1_123' title='bbox 700 2438 751 2491; x_wconf 87' lang='lat' dir='ltr'>ex</span> <span class='ocrx_word' id='word_1_124' title='bbox 788 2411 1129 2518; x_wconf 83' lang='lat' dir='ltr'>eisRatispunarn</span> <span class='ocrx_word' id='word_1_125' title='bbox 1163 2412 1349 2517; x_wconf 87' lang='lat' dir='ltr'>captiuos</span> <span class='ocrx_word' id='word_1_126' title='bbox 1383 2410 1529 2490; x_wconf 90' lang='lat' dir='ltr'>ductos</span> 
     </span>
     <span class='ocr_line' id='line_1_18' title="bbox 125 2530 1532 2639; baseline 0 -27"><span class='ocrx_word' id='word_1_127' title='bbox 125 2531 343 2632; x_wconf 90' lang='lat' dir='ltr'>sciuerant,</span> <span class='ocrx_word' id='word_1_128' title='bbox 377 2532 653 2612; x_wconf 89' lang='lat' dir='ltr'>redemerunt.</span> <span class='ocrx_word' id='word_1_129' title='bbox 687 2532 737 2613; x_wconf 86' lang='lat' dir='ltr'>Et</span> <span class='ocrx_word' id='word_1_130' title='bbox 763 2534 1069 2639; x_wconf 85' lang='lat' dir='ltr'>progredientes</span> <span class='ocrx_word' id='word_1_131' title='bbox 1097 2533 1392 2614; x_wconf 87' lang='lat' dir='ltr'>monasterium</span> <span class='ocrx_word' id='word_1_132' title='bbox 1409 2530 1532 2613; x_wconf 87' lang='lat' dir='ltr'>Wida</span> 
     </span>
     <span class='ocr_line' id='line_1_19' title="bbox 126 2653 1531 2754; baseline 0 -20"><span class='ocrx_word' id='word_1_133' title='bbox 126 2655 464 2754; x_wconf 87' lang='lat' dir='ltr'>combusserunt,</span> <span class='ocrx_word' id='word_1_134' title='bbox 513 2654 584 2735; x_wconf 93' lang='lat' dir='ltr'>uhi</span> <span class='ocrx_word' id='word_1_135' title='bbox 629 2654 806 2736; x_wconf 86' lang='lat' dir='ltr'>muitum</span> <span class='ocrx_word' id='word_1_136' title='bbox 840 2656 926 2736; x_wconf 88' lang='lat' dir='ltr'>auri</span> <span class='ocrx_word' id='word_1_137' title='bbox 961 2656 1199 2739; x_wconf 87' lang='lat' dir='ltr'>hauserunt.</span> <span class='ocrx_word' id='word_1_138' title='bbox 1236 2653 1401 2736; x_wconf 83' lang='lat' dir='ltr'>Abinde</span> <span class='ocrx_word' id='word_1_139' title='bbox 1435 2681 1531 2734; x_wconf 91' lang='lat' dir='ltr'>vero</span> 
     </span>
     <span class='ocr_line' id='line_1_20' title="bbox 125 2776 1532 2885; baseline 0 -28"><span class='ocrx_word' id='word_1_140' title='bbox 125 2776 372 2881; x_wconf 87' lang='lat' dir='ltr'>Lottoringie</span> <span class='ocrx_word' id='word_1_141' title='bbox 406 2777 603 2857; x_wconf 89' lang='lat' dir='ltr'>ducatum</span> <span class='ocrx_word' id='word_1_142' title='bbox 639 2791 860 2877; x_wconf 85' lang='lat' dir='ltr'>vastarunt,</span> <span class='ocrx_word' id='word_1_143' title='bbox 881 2794 922 2858; x_wconf 89' lang='lat' dir='ltr'>et</span> <span class='ocrx_word' id='word_1_144' title='bbox 938 2804 1066 2885; x_wconf 90' lang='lat' dir='ltr'>prope</span> <span class='ocrx_word' id='word_1_145' title='bbox 1088 2777 1367 2881; x_wconf 86' lang='lat' dir='ltr'>Argentinam,</span> <span class='ocrx_word' id='word_1_146' title='bbox 1393 2777 1532 2857; x_wconf 89' lang='lat' dir='ltr'>Lutto-</span> 
     </span>
     <span class='ocr_line' id='line_1_21' title="bbox 126 2897 1531 3004; baseline -0.001 -25"><span class='ocrx_word' id='word_1_147' title='bbox 126 2899 256 3004; x_wconf 92' lang='lat' dir='ltr'>ringie</span> <span class='ocrx_word' id='word_1_148' title='bbox 289 2899 438 2979; x_wconf 90' lang='lat' dir='ltr'>ducem</span> <span class='ocrx_word' id='word_1_149' title='bbox 472 2897 719 3000; x_wconf 87' lang='lat' dir='ltr'>Erhardum,</span> <span class='ocrx_word' id='word_1_150' title='bbox 770 2913 810 2979; x_wconf 90' lang='lat' dir='ltr'>et</span> <span class='ocrx_word' id='word_1_151' title='bbox 840 2900 1079 2980; x_wconf 85' lang='lat' dir='ltr'>Bertoidurn</span> <span class='ocrx_word' id='word_1_152' title='bbox 1114 2899 1347 2979; x_wconf 86' lang='lat' dir='ltr'>Brawancie</span> <span class='ocrx_word' id='word_1_153' title='bbox 1381 2899 1531 2980; x_wconf 79' lang='lat' dir='ltr'>ducein</span> 
     </span>
     <span class='ocr_line' id='line_1_22' title="bbox 125 3019 1531 3126; baseline 0 -26"><span class='ocrx_word' id='word_1_154' title='bbox 125 3021 448 3102; x_wconf 88' lang='lat' dir='ltr'>decollauerunt.</span> <span class='ocrx_word' id='word_1_155' title='bbox 488 3019 665 3103; x_wconf 85' lang='lat' dir='ltr'>Demum</span> <span class='ocrx_word' id='word_1_156' title='bbox 700 3021 740 3100; x_wconf 96' lang='lat' dir='ltr'>in</span> <span class='ocrx_word' id='word_1_157' title='bbox 775 3021 907 3102; x_wconf 84' lang='lat' dir='ltr'>Gallia</span> <span class='ocrx_word' id='word_1_158' title='bbox 948 3024 1170 3104; x_wconf 83' lang='lat' dir='ltr'>seuierunt.</span> <span class='ocrx_word' id='word_1_159' title='bbox 1213 3020 1396 3126; x_wconf 89' lang='lat' dir='ltr'>Hungari</span> <span class='ocrx_word' id='word_1_160' title='bbox 1435 3047 1531 3102; x_wconf 84' lang='lat' dir='ltr'>vero</span> 
     </span>
     <span class='ocr_line' id='line_1_23' title="bbox 125 3141 1530 3250; baseline 0.001 -27"><span class='ocrx_word' id='word_1_161' title='bbox 125 3142 326 3223; x_wconf 87' lang='lat' dir='ltr'>territoria</span> <span class='ocrx_word' id='word_1_162' title='bbox 358 3141 543 3223; x_wconf 85' lang='lat' dir='ltr'>Metcnse</span> <span class='ocrx_word' id='word_1_163' title='bbox 585 3143 829 3225; x_wconf 85' lang='lat' dir='ltr'>Treuirense</span> <span class='ocrx_word' id='word_1_164' title='bbox 872 3159 913 3227; x_wconf 89' lang='lat' dir='ltr'>et</span> <span class='ocrx_word' id='word_1_165' title='bbox 956 3143 1202 3250; x_wconf 82' lang='lat' dir='ltr'>Aquisgrani</span> <span class='ocrx_word' id='word_1_166' title='bbox 1245 3145 1530 3225; x_wconf 85' lang='lat' dir='ltr'>deuastauere.</span> 
     </span>
     <span class='ocr_line' id='line_1_24' title="bbox 126 3265 1532 3374; baseline 0.001 -29"><span class='ocrx_word' id='word_1_167' title='bbox 126 3265 278 3345; x_wconf 91' lang='lat' dir='ltr'>Vltimo</span> <span class='ocrx_word' id='word_1_168' title='bbox 310 3292 385 3373; x_wconf 90' lang='lat' dir='ltr'>per</span> <span class='ocrx_word' id='word_1_169' title='bbox 417 3266 593 3371; x_wconf 88' lang='lat' dir='ltr'>obrupta</span> <span class='ocrx_word' id='word_1_170' title='bbox 627 3267 851 3347; x_wconf 90' lang='lat' dir='ltr'>moncium.</span> <span class='ocrx_word' id='word_1_171' title='bbox 897 3266 1215 3367; x_wconf 88' lang='lat' dir='ltr'>Senoninsium,</span> <span class='ocrx_word' id='word_1_172' title='bbox 1250 3293 1324 3374; x_wconf 89' lang='lat' dir='ltr'>per</span> <span class='ocrx_word' id='word_1_173' title='bbox 1355 3265 1532 3372; x_wconf 88' lang='lat' dir='ltr'>populos</span> 
     </span>
     <span class='ocr_line' id='line_1_25' title="bbox 125 3387 1528 3496; baseline -0.003 -26"><span class='ocrx_word' id='word_1_174' title='bbox 125 3389 255 3470; x_wconf 90' lang='lat' dir='ltr'>eterni</span> <span class='ocrx_word' id='word_1_175' title='bbox 289 3387 428 3468; x_wconf 81' lang='lat' dir='ltr'>martis</span> <span class='ocrx_word' id='word_1_176' title='bbox 463 3388 672 3470; x_wconf 89' lang='lat' dir='ltr'>montibus</span> <span class='ocrx_word' id='word_1_177' title='bbox 706 3389 918 3494; x_wconf 85' lang='lat' dir='ltr'>perforatis</span> <span class='ocrx_word' id='word_1_178' title='bbox 952 3391 1060 3496; x_wconf 82' lang='lat' dir='ltr'>(per)</span> <span class='ocrx_word' id='word_1_179' title='bbox 1095 3387 1528 3495; x_wconf 87' lang='lat' dir='ltr'>plunanombardie</span> 
     </span>
     <span class='ocr_line' id='line_1_26' title="bbox 123 3508 1044 3618; baseline 0.001 -27"><span class='ocrx_word' id='word_1_180' title='bbox 123 3511 345 3609; x_wconf 90' lang='lat' dir='ltr'>redierunt,</span> <span class='ocrx_word' id='word_1_181' title='bbox 380 3526 420 3590; x_wconf 90' lang='lat' dir='ltr'>et</span> <span class='ocrx_word' id='word_1_182' title='bbox 452 3508 504 3589; x_wconf 90' lang='lat' dir='ltr'>ad</span> <span class='ocrx_word' id='word_1_183' title='bbox 537 3512 700 3618; x_wconf 90' lang='lat' dir='ltr'>propria</span> <span class='ocrx_word' id='word_1_184' title='bbox 732 3524 829 3593; x_wconf 91' lang='lat' dir='ltr'>sunt</span> <span class='ocrx_word' id='word_1_185' title='bbox 862 3512 1044 3617; x_wconf 82' lang='lat' dir='ltr'>proiecti.</span> 
     </span>
    </p>
   </div>
   <div class='ocr_carea' id='block_1_3' title="bbox 415 3761 1241 3892">
    <p class='ocr_par' dir='ltr' id='par_1_4' title="bbox 415 3761 1241 3892">
     <span class='ocr_line' id='line_1_27' title="bbox 415 3761 1241 3892; baseline 0.002 -28"><span class='ocrx_word' id='word_1_186' title='bbox 415 3782 552 3864; x_wconf 71' lang='lat' dir='ltr'>Greci</span> <span class='ocrx_word' id='word_1_187' title='bbox 579 3761 856 3866; x_wconf 73' lang='lat' dir='ltr'>deciduntur</span> <span class='ocrx_word' id='word_1_188' title='bbox 881 3807 965 3892; x_wconf 86' lang='lat' dir='ltr'>per</span> <span class='ocrx_word' id='word_1_189' title='bbox 990 3785 1241 3888; x_wconf 74' lang='lat' dir='ltr'>hungaros.</span> 
     </span>
    </p>
   </div>
   <div class='ocr_carea' id='block_1_4' title="bbox 125 3997 1537 4969">
    <p class='ocr_par' dir='ltr' id='par_1_5' title="bbox 125 3997 1537 4969">
     <span class='ocr_line' id='line_1_28' title="bbox 285 3997 1534 4107; baseline 0 -27"><span class='ocrx_word' id='word_1_190' title='bbox 285 3999 355 4080; x_wconf 89' lang='grc'>23.</span> <span class='ocrx_word' id='word_1_191' title='bbox 388 3997 602 4080; x_wconf 69' lang='lat' dir='ltr'>&#39;Venerunt</span> <span class='ocrx_word' id='word_1_192' title='bbox 643 4016 783 4081; x_wconf 90' lang='lat' dir='ltr'>autem</span> <span class='ocrx_word' id='word_1_193' title='bbox 825 4000 1015 4107; x_wconf 88' lang='lat' dir='ltr'>sequenti</span> <span class='ocrx_word' id='word_1_194' title='bbox 1058 4026 1166 4080; x_wconf 89' lang='lat' dir='ltr'>auno</span> <span class='ocrx_word' id='word_1_195' title='bbox 1207 3997 1379 4104; x_wconf 90' lang='lat' dir='ltr'>hungari</span> <span class='ocrx_word' id='word_1_196' title='bbox 1421 3999 1534 4080; x_wconf 92' lang='lat' dir='ltr'>Idro·</span> 
     </span>
     <span class='ocr_line' id='line_1_29' title="bbox 125 4120 1534 4231; baseline -0.001 -29"><span class='ocrx_word' id='word_1_197' title='bbox 125 4121 268 4231; x_wconf 90' lang='lat' dir='ltr'>polim,</span> <span class='ocrx_word' id='word_1_198' title='bbox 302 4146 386 4227; x_wconf 91' lang='lat' dir='ltr'>qua</span> <span class='ocrx_word' id='word_1_199' title='bbox 426 4138 664 4228; x_wconf 86' lang='lat' dir='ltr'>expugnata</span> <span class='ocrx_word' id='word_1_200' title='bbox 712 4121 1110 4229; x_wconf 84' lang='lat' dir='ltr'>Constantinopolim</span> <span class='ocrx_word' id='word_1_201' title='bbox 1158 4120 1420 4203; x_wconf 89' lang='lat' dir='ltr'>obsederunt.</span> <span class='ocrx_word' id='word_1_202' title='bbox 1470 4120 1534 4201; x_wconf 82' lang='lat' dir='ltr'>Ex</span> 
     </span>
     <span class='ocr_line' id='line_1_30' title="bbox 127 4243 1532 4352; baseline 0 -27"><span class='ocrx_word' id='word_1_203' title='bbox 127 4271 213 4352; x_wconf 88' lang='lat' dir='ltr'>qua</span> <span class='ocrx_word' id='word_1_204' title='bbox 243 4270 389 4349; x_wconf 91' lang='lat' dir='ltr'>grecus</span> <span class='ocrx_word' id='word_1_205' title='bbox 424 4257 470 4323; x_wconf 92' lang='lat' dir='ltr'>ut</span> <span class='ocrx_word' id='word_1_206' title='bbox 500 4244 612 4348; x_wconf 90' lang='lat' dir='ltr'>gigas</span> <span class='ocrx_word' id='word_1_207' title='bbox 656 4245 896 4326; x_wconf 87' lang='lat' dir='ltr'>mittebatur</span> <span class='ocrx_word' id='word_1_208' title='bbox 935 4245 1140 4351; x_wconf 90' lang='lat' dir='ltr'>impetens</span> <span class='ocrx_word' id='word_1_209' title='bbox 1182 4245 1287 4325; x_wconf 89' lang='lat' dir='ltr'>duos</span> <span class='ocrx_word' id='word_1_210' title='bbox 1330 4271 1383 4323; x_wconf 80' lang='lat' dir='ltr'>ex</span> <span class='ocrx_word' id='word_1_211' title='bbox 1427 4243 1532 4325; x_wconf 94' lang='lat' dir='ltr'>hun·</span> 
     </span>
     <span class='ocr_line' id='line_1_31' title="bbox 126 4365 1536 4475; baseline -0.001 -28"><span class='ocrx_word' id='word_1_212' title='bbox 126 4367 234 4475; x_wconf 87' lang='lat' dir='ltr'>garis</span> <span class='ocrx_word' id='word_1_213' title='bbox 266 4393 409 4447; x_wconf 88' lang='lat' dir='ltr'>secum</span> <span class='ocrx_word' id='word_1_214' title='bbox 444 4365 611 4468; x_wconf 91' lang='lat' dir='ltr'>luctare,</span> <span class='ocrx_word' id='word_1_215' title='bbox 646 4392 749 4473; x_wconf 86' lang='lat' dir='ltr'>qnos</span> <span class='ocrx_word' id='word_1_216' title='bbox 782 4382 830 4449; x_wconf 91' lang='lat' dir='ltr'>ut</span> <span class='ocrx_word' id='word_1_217' title='bbox 861 4370 927 4470; x_wconf 89' lang='lat' dir='ltr'>ait,</span> <span class='ocrx_word' id='word_1_218' title='bbox 961 4368 1103 4450; x_wconf 88' lang='lat' dir='ltr'>sinon</span> <span class='ocrx_word' id='word_1_219' title='bbox 1136 4366 1368 4467; x_wconf 88' lang='lat' dir='ltr'>deuicisset,</span> <span class='ocrx_word' id='word_1_220' title='bbox 1403 4365 1536 4473; x_wconf 92' lang='lat' dir='ltr'>impe·</span> 
     </span>
     <span class='ocr_line' id='line_1_32' title="bbox 126 4488 1536 4594; baseline -0.003 -23"><span class='ocrx_word' id='word_1_221' title='bbox 126 4507 237 4571; x_wconf 85' lang='lat' dir='ltr'>rator</span> <span class='ocrx_word' id='word_1_222' title='bbox 269 4514 483 4594; x_wconf 90' lang='lat' dir='ltr'>grecorum</span> <span class='ocrx_word' id='word_1_223' title='bbox 522 4488 713 4593; x_wconf 85' lang='lat' dir='ltr'>hungaris</span> <span class='ocrx_word' id='word_1_224' title='bbox 747 4518 875 4571; x_wconf 87' lang='lat' dir='ltr'>censu</span> <span class='ocrx_word' id='word_1_225' title='bbox 908 4506 1127 4570; x_wconf 85' lang='lat' dir='ltr'>teneretur.</span> <span class='ocrx_word' id='word_1_226' title='bbox 1172 4488 1288 4570; x_wconf 89' lang='lat' dir='ltr'>Vnus</span> <span class='ocrx_word' id='word_1_227' title='bbox 1337 4514 1432 4593; x_wconf 89' lang='lat' dir='ltr'>ergo</span> <span class='ocrx_word' id='word_1_228' title='bbox 1481 4515 1536 4567; x_wconf 83' lang='lat' dir='ltr'>ex</span> 
     </span>
     <span class='ocr_line' id='line_1_33' title="bbox 128 4611 1535 4718; baseline -0.001 -25"><span class='ocrx_word' id='word_1_229' title='bbox 128 4611 324 4715; x_wconf 84' lang='lat' dir='ltr'>hungaris</span> <span class='ocrx_word' id='word_1_230' title='bbox 357 4635 477 4715; x_wconf 90' lang='lat' dir='ltr'>greco</span> <span class='ocrx_word' id='word_1_231' title='bbox 511 4611 567 4690; x_wconf 85' lang='lat' dir='ltr'>illi</span> <span class='ocrx_word' id='word_1_232' title='bbox 601 4612 824 4718; x_wconf 90' lang='lat' dir='ltr'>opponitur</span> <span class='ocrx_word' id='word_1_233' title='bbox 856 4613 1023 4693; x_wconf 88' lang='lat' dir='ltr'>nornine</span> <span class='ocrx_word' id='word_1_234' title='bbox 1055 4612 1265 4712; x_wconf 88' lang='lat' dir='ltr'>Bothond,</span> <span class='ocrx_word' id='word_1_235' title='bbox 1316 4612 1385 4717; x_wconf 87' lang='lat' dir='ltr'>qui</span> <span class='ocrx_word' id='word_1_236' title='bbox 1419 4611 1535 4692; x_wconf 89' lang='lat' dir='ltr'>iussu</span> 
     </span>
     <span class='ocr_line' id='line_1_34' title="bbox 127 4733 1535 4841; baseline -0.002 -23"><span class='ocrx_word' id='word_1_237' title='bbox 127 4736 194 4818; x_wconf 89' lang='lat' dir='ltr'>sui</span> <span class='ocrx_word' id='word_1_238' title='bbox 227 4733 431 4841; x_wconf 88' lang='lat' dir='ltr'>capitanei</span> <span class='ocrx_word' id='word_1_239' title='bbox 464 4733 503 4812; x_wconf 93' lang='lat' dir='ltr'>in</span> <span class='ocrx_word' id='word_1_240' title='bbox 537 4749 657 4841; x_wconf 93' lang='lat' dir='ltr'>porta</span> <span class='ocrx_word' id='word_1_241' title='bbox 691 4735 801 4816; x_wconf 87' lang='lat' dir='ltr'>urhis</span> <span class='ocrx_word' id='word_1_242' title='bbox 837 4735 1046 4817; x_wconf 89' lang='lat' dir='ltr'>metallina</span> <span class='ocrx_word' id='word_1_243' title='bbox 1078 4735 1185 4815; x_wconf 90' lang='lat' dir='ltr'>vires</span> <span class='ocrx_word' id='word_1_244' title='bbox 1218 4761 1313 4818; x_wconf 84' lang='lat' dir='ltr'>suas</span> <span class='ocrx_word' id='word_1_245' title='bbox 1347 4734 1535 4815; x_wconf 90' lang='lat' dir='ltr'>cumdo-</span> 
     </span>
     <span class='ocr_line' id='line_1_35' title="bbox 127 4855 1537 4969; baseline 0 -26"><span class='ocrx_word' id='word_1_246' title='bbox 127 4857 246 4944; x_wconf 88' lang='lat' dir='ltr'>labro</span> <span class='ocrx_word' id='word_1_247' title='bbox 279 4855 525 4964; x_wconf 87' lang='lat' dir='ltr'>declarauit,</span> <span class='ocrx_word' id='word_1_248' title='bbox 559 4871 600 4939; x_wconf 88' lang='lat' dir='ltr'>et</span> <span class='ocrx_word' id='word_1_249' title='bbox 632 4857 717 4940; x_wconf 88' lang='lat' dir='ltr'>ictu</span> <span class='ocrx_word' id='word_1_250' title='bbox 750 4858 992 4969; x_wconf 86' lang='lat' dir='ltr'>preforauit‚</span> <span class='ocrx_word' id='word_1_251' title='bbox 1042 4873 1088 4941; x_wconf 90' lang='lat' dir='ltr'>ut</span> <span class='ocrx_word' id='word_1_252' title='bbox 1113 4884 1217 4969; x_wconf 89' lang='lat' dir='ltr'>puer</span> <span class='ocrx_word' id='word_1_253' title='bbox 1251 4855 1297 4941; x_wconf 90' lang='lat' dir='ltr'>V.</span> <span class='ocrx_word' id='word_1_254' title='bbox 1330 4882 1537 4943; x_wconf 87' lang='lat' dir='ltr'>annorum</span> 
     </span>
    </p>
   </div>
   <div class='ocr_carea' id='block_1_5' title="bbox 0 0 1808 5490">
    <p class='ocr_par' dir='ltr' id='par_1_6' title="bbox 0 0 1808 5490">
     <span class='ocr_line' id='line_1_36' title="bbox 0 0 1808 5490; baseline 0 0"><span class='ocrx_word' id='word_1_255' title='bbox 0 0 1808 5490; x_wconf 95' lang='lat' dir='ltr'> </span> 
     </span>
    </p>
   </div>
  </div>
 </body>
</html>
