3592 5490
47 5116 187 5143 Α

840 392 994 491 *ao—

215 608 389 713 hungari
422 621 658 714 presentare
704 620 846 714 captos
891 609 1099 709 bessenos,
1134 622 1174 687 et
1206 606 1342 712 capita
1383 605 1623 685 interlecto-

215 759 320 834 rmn,
361 743 403 810 et
444 756 574 837 equos
617 744 658 809 et
699 728 1029 838 superlectilia'),
1064 757 1145 835 quc
1188 729 1228 808 in
1271 742 1418 834 quarta
1460 726 1621 807 leriaa

217 879 339 933 mane
371 879 506 958 usque
533 851 583 932 ad
611 851 929 932 inclinaeiouem
952 850 1136 931 meridiei
1160 850 1283 957 plene
1315 848 1514 956 perlicere
1537 875 1619 928 non

217 988 454 1081 potuerunt.
486 973 576 1054 Hoc
609 989 749 1054 antem
793 973 883 1053 ideo
921 975 1076 1055 factum
1110 973 1199 1075 fuit,
1232 986 1279 1053 ut
1309 971 1419 1076 greci
1453 986 1494 1079 et
1528 970 1617 1052 bul-

216 1096 300 1201 gari
334 1097 404 1202 qui
438 1096 746 1194 obsidebantur,
768 1095 956 1177 videntes
989 1096 1187 1177 bessenos
1220 1095 1260 1174 in
1294 1094 1447 1199 quibus
1480 1120 1617 1199 spera·

216 1219 328 1320 bant,
362 1232 446 1298 tam
481 1217 701 1299 crudeliter
733 1218 785 1297 ab
818 1217 1013 1322 hungaris
1046 1219 1313 1298 obtruncatos
1347 1216 1552 1316 timerent,
1579 1228 1614 1293 ct

216 1353 350 1423 semet
381 1340 492 1447 ipsos
526 1369 621 1421 cum
656 1339 823 1421 ciuitate
856 1340 938 1444 regi
973 1355 1015 1419 et
1046 1339 1222 1420 ducibus
1255 1338 1476 1418 traderent.

418 1631 505 1732 (Dc
534 1632 882 1735 expugnaolonc
909 1629 1030 1710 Albe
1057 1630 1311 1733 bulgarico.
1338 1628 1415 1729 A.)

374 1844 444 1926 99.
477 1844 599 1924 Porro
632 1873 706 1925 rex
741 1860 782 1924 ct
814 1845 942 1926 duces
975 1845 1025 1924 ad
1049 1843 1372 1951 expugnandam
1407 1841 1613 1922 ciuitatem

218 1966 564 2050 conuenienciora
597 1967 687 2047 loca
711 1967 1009 2073 prospicientes
1033 1980 1307 2074 preceperunt
1340 1978 1623 2070 carpentarys,

216 2102 263 2172 ut
293 2089 351 2172 ibi
382 2102 515 2171 turres
547 2088 702 2193 ligneas
735 2102 840 2191 octo,
867 2087 1126 2169 altitudinem
1149 2116 1360 2169 murorum
1388 2086 1516 2192 duplo
1548 2108 1632 2165 su·

216 2224 409 2322 perantes
441 2211 700 2311 fabricarent,
736 2211 846 2292 unde
874 2211 1023 2290 milites
1057 2211 1096 2289 iu
1132 2210 1314 2293 medium
1349 2208 1526 2297 ciuitatis
1559 2207 1638 2285 la·

217 2335 334 2442 pides
378 2352 420 2413 et
459 2333 625 2437 sagittas
667 2361 793 2439 super
835 2333 1022 2413 homines
1065 2333 1302 2412 iacularent.
1337 2332 1447 2411 lnter
1486 2345 1643 2409 turres

216 2483 313 2539 vero
347 2455 517 2537 totidem
551 2470 755 2535 tormenta
788 2456 838 2536 ad
872 2455 1167 2536 destruendum
1208 2481 1347 2534 mmos
1382 2462 1642 2533 erexerunt.

216 2579 378 2684 Longos
413 2577 542 2657 eciam
588 2577 751 2683 pluteos
788 2578 838 2657 ad
873 2577 1155 2658 ‹lefendcndos
1198 2577 1386 2657 introitus
1428 2574 1637 2662 turriuut,

218 2714 438 2806 ceteraque
472 2700 747 2779 instrumenta
770 2700 915 2781 bellica
938 2712 1272 2805 composuerunt.
1292 2699 1337 2779 ln
1366 2696 1633 2804 quibusdam

150 2852 158 2859 ·’
217 2823 357 2928 itaque
392 2821 492 2903 locis
525 2817 861 2926 destruxerunt2)
905 2847 1043 2901 muros
1088 2821 1175 2900 eius
1218 2847 1351 2926 usque
1386 2820 1437 2899 ad
1469 2816 1631 2898 funda-

218 2960 420 3046 mentum,
454 2944 527 3024 sed
570 2943 780 3023 ciuitatem
814 2944 934 3050 (3821)
968 2970 1116 3052 capere
1160 2969 1243 3023 non
1285 2956 1487 3048 poterant,
1521 2934 1634 3046 quia

219 3094 309 3148 eam
344 3066 591 3147 intrinsecus
623 3065 831 3147 tortissimi
865 3065 1084 3146 bellatores
1117 3064 1408 3144 defendebant.
1433 3059 1647 3145 Obsede‘

218 3202 315 3269 runt
356 3189 568 3268 ciuitatem
611 3189 775 3268 duobus
820 3187 1045 3284 mensibus,
1086 3186 1191 3266 infra
1233 3213 1337 3292 quos
1379 3213 1480 3292 sepe
1521 3196 1666 3264 cons

219 3309 346 3416 gressi
379 3326 477 3391 sunt
518 3338 612 3389 cum
656 3309 881 3391 sarracenis
923 3309 974 3388 de
1017 3308 1184 3389 ciuitate
1226 3308 1544 3414 egredientibus,
1573 3279 1689 3384 effi

219 3460 273 3513 ex
308 3433 365 3511 eis
398 3433 499 3513 alios
533 3431 783 3532 occiderunt,
818 3431 917 3510 alios
950 3427 1326 3535 l'ugaucrurrt³).1n
1359 3430 1486 3510 tercio
1521 3454 1608 3509 uero
1656 3407 1689 3460 ι

219 3581 362 3636 mense
396 3553 619 3634 obsidionis
653 3554 830 3659 quedam
851 3553 991 3659 puella
1011 3547 1235 3658 hungarrd)
1270 3553 1380 3661 olym
1415 3551 1516 3632 illuc
1549 3578 1613 3656 per
1668 3533 1689 3557 ‘

220 3676 505 3783 captiuitatem
538 3675 729 3777 abducta,
763 3677 803 3755 in
839 3690 984 3780 quarta
1015 3675 1116 3755 feria
1149 3675 1360 3756 ciuitatem
1389 3673 1614 3754 succendit.

219 3799 364 3878 Flabat
396 3813 536 3879 autem
576 3799 823 3879 subsolanus
856 3797 1232 3897 vehementissime,
1266 3811 1502 3902 cunctaque
1537 3795 1620 3875 edi·

219 3920 312 4000 ficia
344 3936 657 4027 occupauerunt
690 3918 889 4000 incendia.
916 3918 1132 4000 Exercitus
1165 3920 1304 4026 itaque
1339 3920 1622 4022 hungarorum

220 4043 335 4123 irruit
368 4043 407 4122 in
441 4042 651 4123 ciuitatem
686 4069 735 4121 ea
767 4056 881 4147 parte
901 4068 984 4145 qua
1010 4042 1116 4121 muri
1149 4042 1237 4124 eius
1271 4069 1344 4148 per
1374 4037 1626 4146 tormenta⁵)

220 4179 474 4264 corruerunt,
498 4180 540 4243 et
570 4191 712 4268 grecos
745 4190 983 4244 sarracenos
1016 4178 1141 4269 atque
1177 4165 1367 4268 bulgaros
1401 4162 1629 4244 crudeliter

220 4287 490 4367 trucidarunt.
509 4285 587 4381 Qui
614 4301 754 4367 autem
781 4285 932 4365 residui
962 4302 1261 4384 remanserunt,
1284 4314 1378 4365 cum
1406 4283 1630 4391 Niehota⁶)

221 4409 328 4489 duce
362 4435 505 4490 eorum
538 4409 732 4513 fugeruut
765 4408 804 4487 in
840 4434 989 4486 arcem.
1021 4406 1206 4513 Huugari
1240 4436 1334 4513 ergo
1368 4424 1491 4513 capta
1526 4407 1631 4489 ciui·

382 4682 406 4766 ¹)
434 4683 672 4779 supellectilia.
690 4683 766 4760 VP.
796 4686 837 4756 B.
869 4679 894 4770 ²)
923 4685 1171 4759 distinxerunt.
1203 4687 1236 4759 S.
1269 4683 1296 4766 ²⁵)
1327 4686 1433 4770 „Post
1458 4683 1529 4758 hoc
1559 4691 1634 4758 tres

222 4789 401 4976 liriffii,
414 4833 459 4844 -·
472 4790 723 4884 proiecerunt.“
744 4789 839 4862 solus
855 4792 923 4865 lll'.
941 4790 1044 4862 celeri
1060 4813 1125 4863 orn.
1138 4787 1166 4874 ⁴)
1194 4789 1391 4885 hungarica,
1406 4783 1433 4870 ὁ’)
1462 4787 1535 4863 iarn
1551 4791 1631 4864 add.
