<?xml version="1.0" encoding="UTF-8"?>
<!DOCTYPE html PUBLIC "-//W3C//DTD XHTML 1.0 Transitional//EN"
    "http://www.w3.org/TR/xhtml1/DTD/xhtml1-transitional.dtd">
<html xmlns="http://www.w3.org/1999/xhtml" xml:lang="en" lang="en">
 <head>
  <title>
</title>
<meta http-equiv="Content-Type" content="text/html;charset=utf-8" />
  <meta name='ocr-system' content='tesseract 3.04.00' />
  <meta name='ocr-capabilities' content='ocr_page ocr_carea ocr_par ocr_line ocrx_word'/>
</head>
<body>
  <div class='ocr_page' id='page_1' title='image "./chronicondubnic00florgoog_0070.png"; bbox 0 0 3592 5490; ppageno 0'>
   <div class='ocr_carea' id='block_1_1' title="bbox 828 361 870 426">
    <p class='ocr_par' dir='ltr' id='par_1_1' title="bbox 828 361 870 426">
     <span class='ocr_line' id='line_1_1' title="bbox 828 361 870 426; baseline 0 0"><span class='ocrx_word' id='word_1_1' title='bbox 828 361 870 426; x_wconf 76' lang='lat'><strong>55</strong></span> 
     </span>
    </p>
   </div>
   <div class='ocr_carea' id='block_1_2' title="bbox 144 573 1552 2639">
    <p class='ocr_par' dir='ltr' id='par_1_2' title="bbox 144 573 1552 2639">
     <span class='ocr_line' id='line_1_2' title="bbox 145 573 1548 683; baseline -0.002 -23"><span class='ocrx_word' id='word_1_2' title='bbox 145 576 339 660; x_wconf 89' lang='lat' dir='ltr'><strong>Cesarem</strong></span> <span class='ocrx_word' id='word_1_3' title='bbox 381 576 602 659; x_wconf 88' lang='lat' dir='ltr'><strong>efficaciter</strong></span> <span class='ocrx_word' id='word_1_4' title='bbox 641 575 952 681; x_wconf 89' lang='lat' dir='ltr'><strong>instigauerunt,</strong></span> <span class='ocrx_word' id='word_1_5' title='bbox 986 586 1033 656; x_wconf 90' lang='lat' dir='ltr'><strong>ut</strong></span> <span class='ocrx_word' id='word_1_6' title='bbox 1074 602 1199 683; x_wconf 88' lang='lat' dir='ltr'><strong>super</strong></span> <span class='ocrx_word' id='word_1_7' title='bbox 1231 573 1368 658; x_wconf 86' lang='lat' dir='ltr'><strong>Abam</strong></span> <span class='ocrx_word' id='word_1_8' title='bbox 1410 602 1548 682; x_wconf 89' lang='lat' dir='ltr'><strong>regem</strong></span> 
     </span>
     <span class='ocr_line' id='line_1_3' title="bbox 145 697 1549 804; baseline -0.002 -23"><span class='ocrx_word' id='word_1_9' title='bbox 145 700 335 783; x_wconf 92' lang='lat' dir='ltr'><strong>iniuriam</strong></span> <span class='ocrx_word' id='word_1_10' title='bbox 369 699 616 800; x_wconf 59' lang='lat' dir='ltr'><strong>vindicarem</strong></span> <span class='ocrx_word' id='word_1_11' title='bbox 649 697 747 804; x_wconf 93' lang='lat' dir='ltr'><strong>quia</strong></span> <span class='ocrx_word' id='word_1_12' title='bbox 779 724 857 779; x_wconf 93' lang='lat' dir='ltr'><strong>nec</strong></span> <span class='ocrx_word' id='word_1_13' title='bbox 899 697 1086 804; x_wconf 89' lang='lat' dir='ltr'><strong>captiuos</strong></span> <span class='ocrx_word' id='word_1_14' title='bbox 1118 723 1216 780; x_wconf 88' lang='lat' dir='ltr'><strong>suos</strong></span> <span class='ocrx_word' id='word_1_15' title='bbox 1249 698 1464 780; x_wconf 83' lang='lat' dir='ltr'><strong>remiserat</strong></span> <span class='ocrx_word' id='word_1_16' title='bbox 1495 699 1549 781; x_wconf 91' lang='lat' dir='ltr'><strong>si-</strong></span> 
     </span>
     <span class='ocr_line' id='line_1_4' title="bbox 146 818 1551 920; baseline -0.001 -16"><span class='ocrx_word' id='word_1_17' title='bbox 146 835 217 905; x_wconf 91' lang='lat' dir='ltr'><strong>cut</strong></span> <span class='ocrx_word' id='word_1_18' title='bbox 257 821 396 905; x_wconf 86' lang='lat' dir='ltr'><strong>Cesari</strong></span> <span class='ocrx_word' id='word_1_19' title='bbox 437 821 655 920; x_wconf 87' lang='lat' dir='ltr'><strong>iurauerat,</strong></span> <span class='ocrx_word' id='word_1_20' title='bbox 688 846 766 900; x_wconf 93' lang='lat' dir='ltr'><strong>nec</strong></span> <span class='ocrx_word' id='word_1_21' title='bbox 810 818 923 900; x_wconf 86' lang='lat' dir='ltr'><strong>illata</strong></span> <span class='ocrx_word' id='word_1_22' title='bbox 966 819 1119 899; x_wconf 90' lang='lat' dir='ltr'><strong>damna.</strong></span> <span class='ocrx_word' id='word_1_23' title='bbox 1161 820 1386 901; x_wconf 80' lang='lat' dir='ltr'><strong>resarciret.</strong></span> <span class='ocrx_word' id='word_1_24' title='bbox 1426 818 1551 902; x_wconf 81' lang='lat' dir='ltr'><strong>Cesar</strong></span> 
     </span>
     <span class='ocr_line' id='line_1_5' title="bbox 144 937 1549 1052; baseline -0.001 -26"><span class='ocrx_word' id='word_1_25' title='bbox 144 945 285 1052; x_wconf 90' lang='lat' dir='ltr'><strong>itaque</strong></span> <span class='ocrx_word' id='word_1_26' title='bbox 319 955 501 1026; x_wconf 89' lang='lat' dir='ltr'><strong>armatus</strong></span> <span class='ocrx_word' id='word_1_27' title='bbox 513 937 543 1050; x_wconf 86' lang='lat'><strong>¹)</strong></span> <span class='ocrx_word' id='word_1_28' title='bbox 570 940 909 1047; x_wconf 90' lang='lat' dir='ltr'><strong>instigacionibus</strong></span> <span class='ocrx_word' id='word_1_29' title='bbox 930 942 1209 1047; x_wconf 82' lang='lat' dir='ltr'><strong>hungarorum</strong></span> <span class='ocrx_word' id='word_1_30' title='bbox 1233 969 1334 1024; x_wconf 88' lang='lat' dir='ltr'><strong>eum·</strong></span> <span class='ocrx_word' id='word_1_31' title='bbox 1363 943 1549 1024; x_wconf 84' lang='lat' dir='ltr'><strong>exercitu</strong></span> 
     </span>
     <span class='ocr_line' id='line_1_6' title="bbox 145 1057 1549 1171; baseline -0.001 -23"><span class='ocrx_word' id='word_1_32' title='bbox 145 1067 285 1148; x_wconf 91' lang='lat' dir='ltr'><strong>norico</strong></span> <span class='ocrx_word' id='word_1_33' title='bbox 318 1078 359 1147; x_wconf 88' lang='lat' dir='ltr'><strong>et</strong></span> <span class='ocrx_word' id='word_1_34' title='bbox 392 1064 609 1147; x_wconf 91' lang='lat' dir='ltr'><strong>bohemico</strong></span> <span class='ocrx_word' id='word_1_35' title='bbox 643 1080 684 1144; x_wconf 92' lang='lat' dir='ltr'><strong>et</strong></span> <span class='ocrx_word' id='word_1_36' title='bbox 717 1057 956 1171; x_wconf 70' lang='lat' dir='ltr'><strong>Flandris2),</strong></span> <span class='ocrx_word' id='word_1_37' title='bbox 990 1063 1217 1145; x_wconf 90' lang='lat' dir='ltr'><strong>aulicorum</strong></span> <span class='ocrx_word' id='word_1_38' title='bbox 1258 1090 1425 1146; x_wconf 89' lang='lat' dir='ltr'><strong>suorum</strong></span> <span class='ocrx_word' id='word_1_39' title='bbox 1461 1065 1549 1146; x_wconf 90' lang='lat' dir='ltr'><strong>bel-</strong></span> 
     </span>
     <span class='ocr_line' id='line_1_7' title="bbox 145 1182 1549 1294; baseline 0 -25"><span class='ocrx_word' id='word_1_40' title='bbox 145 1182 438 1294; x_wconf 45' lang='lat' dir='ltr'><strong>licosissimis&amp;</strong></span> <span class='ocrx_word' id='word_1_41' title='bbox 476 1187 590 1268; x_wconf 90' lang='lat' dir='ltr'><strong>venit</strong></span> <span class='ocrx_word' id='word_1_42' title='bbox 630 1187 670 1267; x_wconf 94' lang='lat' dir='ltr'><strong>in</strong></span> <span class='ocrx_word' id='word_1_43' title='bbox 716 1185 941 1267; x_wconf 84' lang='lat' dir='ltr'><strong>marchiam</strong></span> <span class='ocrx_word' id='word_1_44' title='bbox 977 1186 1155 1287; x_wconf 86' lang='lat' dir='ltr'><strong>Austrie‚</strong></span> <span class='ocrx_word' id='word_1_45' title='bbox 1200 1185 1464 1269; x_wconf 83' lang='lat' dir='ltr'><strong>dissimulans</strong></span> <span class='ocrx_word' id='word_1_46' title='bbox 1504 1215 1549 1269; x_wconf 90' lang='lat' dir='ltr'><strong>se</strong></span> 
     </span>
     <span class='ocr_line' id='line_1_8' title="bbox 147 1307 1549 1416; baseline 0 -25"><span class='ocrx_word' id='word_1_47' title='bbox 147 1311 391 1394; x_wconf 91' lang='lat' dir='ltr'><strong>intraturum</strong></span> <span class='ocrx_word' id='word_1_48' title='bbox 425 1309 468 1390; x_wconf 91' lang='lat' dir='ltr'><strong>iu</strong></span> <span class='ocrx_word' id='word_1_49' title='bbox 500 1308 768 1413; x_wconf 89' lang='lat' dir='ltr'><strong>Hungariam,</strong></span> <span class='ocrx_word' id='word_1_50' title='bbox 802 1307 1002 1390; x_wconf 82' lang='lat' dir='ltr'><strong>simulans</strong></span> <span class='ocrx_word' id='word_1_51' title='bbox 1045 1323 1183 1389; x_wconf 92' lang='lat' dir='ltr'><strong>autem</strong></span> <span class='ocrx_word' id='word_1_52' title='bbox 1217 1335 1262 1389; x_wconf 89' lang='lat' dir='ltr'><strong>se</strong></span> <span class='ocrx_word' id='word_1_53' title='bbox 1295 1323 1462 1416; x_wconf 90' lang='lat' dir='ltr'><strong>pactum</strong></span> <span class='ocrx_word' id='word_1_54' title='bbox 1497 1311 1549 1391; x_wconf 91' lang='lat' dir='ltr'><strong>ab</strong></span> 
     </span>
     <span class='ocr_line' id='line_1_9' title="bbox 147 1430 1550 1538; baseline -0.001 -24"><span class='ocrx_word' id='word_1_55' title='bbox 147 1434 241 1515; x_wconf 85' lang='lat' dir='ltr'><strong>Aba</strong></span> <span class='ocrx_word' id='word_1_56' title='bbox 271 1459 366 1538; x_wconf 89' lang='lat' dir='ltr'><strong>rege</strong></span> <span class='ocrx_word' id='word_1_57' title='bbox 399 1443 645 1513; x_wconf 85' lang='lat' dir='ltr'><strong>exacturum</strong></span> <span class='ocrx_word' id='word_1_58' title='bbox 679 1444 720 1510; x_wconf 91' lang='lat' dir='ltr'><strong>et</strong></span> <span class='ocrx_word' id='word_1_59' title='bbox 752 1457 1028 1512; x_wconf 89' lang='lat' dir='ltr'><strong>reuersurum.</strong></span> <span class='ocrx_word' id='word_1_60' title='bbox 1057 1430 1174 1512; x_wconf 86' lang='lat' dir='ltr'><strong>Tunc</strong></span> <span class='ocrx_word' id='word_1_61' title='bbox 1207 1430 1328 1536; x_wconf 90' lang='lat' dir='ltr'><strong>legati</strong></span> <span class='ocrx_word' id='word_1_62' title='bbox 1362 1430 1454 1512; x_wconf 87' lang='lat' dir='ltr'><strong>Abe</strong></span> <span class='ocrx_word' id='word_1_63' title='bbox 1486 1459 1550 1514; x_wconf 90' lang='lat' dir='ltr'><strong>re-</strong></span> 
     </span>
     <span class='ocr_line' id='line_1_10' title="bbox 146 1551 1550 1661; baseline -0.002 -24"><span class='ocrx_word' id='word_1_64' title='bbox 146 1555 207 1661; x_wconf 88' lang='lat' dir='ltr'><strong>gis</strong></span> <span class='ocrx_word' id='word_1_65' title='bbox 247 1555 462 1636; x_wconf 87' lang='lat' dir='ltr'><strong>venientes</strong></span> <span class='ocrx_word' id='word_1_66' title='bbox 507 1553 557 1634; x_wconf 91' lang='lat' dir='ltr'><strong>ad</strong></span> <span class='ocrx_word' id='word_1_67' title='bbox 604 1551 795 1634; x_wconf 86' lang='lat' dir='ltr'><strong>Cesarern</strong></span> <span class='ocrx_word' id='word_1_68' title='bbox 845 1553 1092 1660; x_wconf 79' lang='lat' dir='ltr'><strong>repetebant</strong></span> <span class='ocrx_word' id='word_1_69' title='bbox 1131 1553 1337 1658; x_wconf 87' lang='lat' dir='ltr'><strong>hungaros</strong></span> <span class='ocrx_word' id='word_1_70' title='bbox 1386 1553 1457 1661; x_wconf 93' lang='lat' dir='ltr'><strong>qui</strong></span> <span class='ocrx_word' id='word_1_71' title='bbox 1498 1556 1550 1635; x_wconf 90' lang='lat' dir='ltr'><strong>ad</strong></span> 
     </span>
     <span class='ocr_line' id='line_1_11' title="bbox 147 1674 1551 1782; baseline 0 -24"><span class='ocrx_word' id='word_1_72' title='bbox 147 1704 243 1759; x_wconf 89' lang='lat' dir='ltr'><strong>eum</strong></span> <span class='ocrx_word' id='word_1_73' title='bbox 276 1678 478 1782; x_wconf 85' lang='lat' dir='ltr'><strong>fugerant,</strong></span> <span class='ocrx_word' id='word_1_74' title='bbox 513 1686 816 1782; x_wconf 82' lang='lat' dir='ltr'><strong>conquerentes</strong></span> <span class='ocrx_word' id='word_1_75' title='bbox 849 1689 891 1755; x_wconf 90' lang='lat' dir='ltr'><strong>et</strong></span> <span class='ocrx_word' id='word_1_76' title='bbox 926 1676 1122 1776; x_wconf 88' lang='lat' dir='ltr'><strong>dicentes,</strong></span> <span class='ocrx_word' id='word_1_77' title='bbox 1157 1675 1268 1782; x_wconf 89' lang='lat' dir='ltr'><strong>quod</strong></span> <span class='ocrx_word' id='word_1_78' title='bbox 1301 1674 1379 1781; x_wconf 88' lang='lat' dir='ltr'><strong>ipsi</strong></span> <span class='ocrx_word' id='word_1_79' title='bbox 1413 1691 1551 1758; x_wconf 89' lang='lat' dir='ltr'><strong>essent</strong></span> 
     </span>
     <span class='ocr_line' id='line_1_12' title="bbox 148 1796 1550 1906; baseline 0 -27"><span class='ocrx_word' id='word_1_80' title='bbox 148 1798 351 1906; x_wconf 89' lang='lat' dir='ltr'><strong>predones</strong></span> <span class='ocrx_word' id='word_1_81' title='bbox 385 1811 426 1878; x_wconf 91' lang='lat' dir='ltr'><strong>et</strong></span> <span class='ocrx_word' id='word_1_82' title='bbox 462 1797 680 1880; x_wconf 83' lang='lat' dir='ltr'><strong>latrunculi</strong></span> <span class='ocrx_word' id='word_1_83' title='bbox 726 1798 840 1902; x_wconf 90' lang='lat' dir='ltr'><strong>regui</strong></span> <span class='ocrx_word' id='word_1_84' title='bbox 879 1796 1101 1904; x_wconf 87' lang='lat' dir='ltr'><strong>Hungarie,</strong></span> <span class='ocrx_word' id='word_1_85' title='bbox 1137 1797 1258 1904; x_wconf 76' lang='lat' dir='ltr'><strong>(aaa)</strong></span> <span class='ocrx_word' id='word_1_86' title='bbox 1292 1809 1333 1877; x_wconf 90' lang='lat' dir='ltr'><strong>et</strong></span> <span class='ocrx_word' id='word_1_87' title='bbox 1364 1798 1550 1906; x_wconf 89' lang='lat' dir='ltr'><strong>precipui</strong></span> 
     </span>
     <span class='ocr_line' id='line_1_13' title="bbox 147 1914 1550 2026; baseline 0 -24"><span class='ocrx_word' id='word_1_88' title='bbox 147 1914 414 2026; x_wconf 79' lang='lat' dir='ltr'><strong>intentores⁴)</strong></span> <span class='ocrx_word' id='word_1_89' title='bbox 448 1945 686 2025; x_wconf 86' lang='lat' dir='ltr'><strong>guerrarum</strong></span> <span class='ocrx_word' id='word_1_90' title='bbox 722 1933 763 2000; x_wconf 91' lang='lat' dir='ltr'><strong>et</strong></span> <span class='ocrx_word' id='word_1_91' title='bbox 795 1920 996 2001; x_wconf 86' lang='lat' dir='ltr'><strong>discordie</strong></span> <span class='ocrx_word' id='word_1_92' title='bbox 1030 1919 1135 1999; x_wconf 90' lang='lat' dir='ltr'><strong>inter</strong></span> <span class='ocrx_word' id='word_1_93' title='bbox 1163 1919 1367 2025; x_wconf 86' lang='lat' dir='ltr'><strong>hungaros</strong></span> <span class='ocrx_word' id='word_1_94' title='bbox 1400 1934 1441 2000; x_wconf 88' lang='lat' dir='ltr'><strong>et</strong></span> <span class='ocrx_word' id='word_1_95' title='bbox 1472 1919 1550 2002; x_wconf 86' lang='lat' dir='ltr'><strong>Ge·</strong></span> 
     </span>
     <span class='ocr_line' id='line_1_14' title="bbox 147 2040 1550 2150; baseline -0.001 -23"><span class='ocrx_word' id='word_1_96' title='bbox 147 2070 294 2147; x_wconf 89' lang='lat' dir='ltr'><strong>sarem,</strong></span> <span class='ocrx_word' id='word_1_97' title='bbox 329 2042 399 2150; x_wconf 92' lang='lat' dir='ltr'><strong>qui</strong></span> <span class='ocrx_word' id='word_1_98' title='bbox 434 2040 573 2123; x_wconf 86' lang='lat' dir='ltr'><strong>Cesari</strong></span> <span class='ocrx_word' id='word_1_99' title='bbox 604 2041 779 2122; x_wconf 88' lang='lat' dir='ltr'><strong>fideliter</strong></span> <span class='ocrx_word' id='word_1_100' title='bbox 816 2042 1163 2147; x_wconf 83' lang='lat' dir='ltr'><strong>obsequerentur3</strong></span> <span class='ocrx_word' id='word_1_101' title='bbox 1197 2041 1373 2149; x_wconf 91' lang='lat' dir='ltr'><strong>ideoque</strong></span> <span class='ocrx_word' id='word_1_102' title='bbox 1407 2041 1550 2126; x_wconf 90' lang='lat' dir='ltr'><strong>huius·</strong></span> 
     </span>
     <span class='ocr_line' id='line_1_15' title="bbox 148 2163 1550 2269; baseline -0.001 -22"><span class='ocrx_word' id='word_1_103' title='bbox 148 2165 260 2247; x_wconf 92' lang='lat' dir='ltr'><strong>modi</strong></span> <span class='ocrx_word' id='word_1_104' title='bbox 292 2164 562 2247; x_wconf 87' lang='lat' dir='ltr'><strong>seminatores</strong></span> <span class='ocrx_word' id='word_1_105' title='bbox 600 2163 801 2245; x_wconf 89' lang='lat' dir='ltr'><strong>discordie</strong></span> <span class='ocrx_word' id='word_1_106' title='bbox 835 2163 937 2243; x_wconf 87' lang='lat' dir='ltr'><strong>tradi</strong></span> <span class='ocrx_word' id='word_1_107' title='bbox 971 2177 1159 2269; x_wconf 90' lang='lat' dir='ltr'><strong>oportere</strong></span> <span class='ocrx_word' id='word_1_108' title='bbox 1192 2163 1232 2244; x_wconf 92' lang='lat' dir='ltr'><strong>in</strong></span> <span class='ocrx_word' id='word_1_109' title='bbox 1278 2190 1425 2247; x_wconf 88' lang='lat' dir='ltr'><strong>manus</strong></span> <span class='ocrx_word' id='word_1_110' title='bbox 1458 2163 1550 2247; x_wconf 84' lang='lat' dir='ltr'><strong>Abe</strong></span> 
     </span>
     <span class='ocr_line' id='line_1_16' title="bbox 150 2283 1550 2393; baseline -0.001 -24"><span class='ocrx_word' id='word_1_111' title='bbox 150 2288 255 2393; x_wconf 87' lang='lat' dir='ltr'><strong>regis</strong></span> <span class='ocrx_word' id='word_1_112' title='bbox 287 2287 578 2392; x_wconf 89' lang='lat' dir='ltr'><strong>hungarorum.</strong></span> <span class='ocrx_word' id='word_1_113' title='bbox 612 2284 731 2380; x_wconf 86' lang='lat' dir='ltr'><strong>Quod</strong></span> <span class='ocrx_word' id='word_1_114' title='bbox 775 2283 901 2367; x_wconf 84' lang='lat' dir='ltr'><strong>Cesar</strong></span> <span class='ocrx_word' id='word_1_115' title='bbox 944 2285 1056 2367; x_wconf 92' lang='lat' dir='ltr'><strong>nullo</strong></span> <span class='ocrx_word' id='word_1_116' title='bbox 1099 2285 1222 2366; x_wconf 86' lang='lat' dir='ltr'><strong>ruodo</strong></span> <span class='ocrx_word' id='word_1_117' title='bbox 1266 2313 1311 2367; x_wconf 90' lang='lat' dir='ltr'><strong>se</strong></span> <span class='ocrx_word' id='word_1_118' title='bbox 1342 2285 1550 2368; x_wconf 81' lang='lat' dir='ltr'><strong>facturum</strong></span> 
     </span>
     <span class='ocr_line' id='line_1_17' title="bbox 148 2404 1552 2518; baseline -0.002 -26"><span class='ocrx_word' id='word_1_119' title='bbox 148 2406 411 2518; x_wconf 82' lang='lat' dir='ltr'><strong>spopondit⁵)</strong></span> <span class='ocrx_word' id='word_1_120' title='bbox 444 2404 787 2516; x_wconf 72' lang='lat' dir='ltr'><strong>respondendol).</strong></span> <span class='ocrx_word' id='word_1_121' title='bbox 825 2406 1038 2488; x_wconf 87' lang='lat' dir='ltr'><strong>Concitato</strong></span> <span class='ocrx_word' id='word_1_122' title='bbox 1071 2407 1210 2514; x_wconf 89' lang='lat' dir='ltr'><strong>itaque</strong></span> <span class='ocrx_word' id='word_1_123' title='bbox 1244 2435 1369 2489; x_wconf 88' lang='lat' dir='ltr'><strong>eursu</strong></span> <span class='ocrx_word' id='word_1_124' title='bbox 1401 2408 1552 2492; x_wconf 88' lang='lat' dir='ltr'><strong>inuasit</strong></span> 
     </span>
     <span class='ocr_line' id='line_1_18' title="bbox 148 2525 1552 2639; baseline 0 -27"><span class='ocrx_word' id='word_1_125' title='bbox 148 2533 254 2615; x_wconf 82' lang='lat' dir='ltr'><strong>fines</strong></span> <span class='ocrx_word' id='word_1_126' title='bbox 286 2530 495 2636; x_wconf 88' lang='lat' dir='ltr'><strong>Hungarie</strong></span> <span class='ocrx_word' id='word_1_127' title='bbox 528 2530 683 2611; x_wconf 87' lang='lat' dir='ltr'><strong>intrans</strong></span> <span class='ocrx_word' id='word_1_128' title='bbox 708 2557 783 2637; x_wconf 93' lang='lat' dir='ltr'><strong>per</strong></span> <span class='ocrx_word' id='word_1_129' title='bbox 808 2528 1055 2636; x_wconf 78' lang='lat' dir='ltr'><strong>Sopronium</strong></span> <span class='ocrx_word' id='word_1_130' title='bbox 1068 2525 1112 2635; x_wconf 82' lang='lat'><strong>⁷),</strong></span> <span class='ocrx_word' id='word_1_131' title='bbox 1132 2544 1173 2610; x_wconf 91' lang='lat' dir='ltr'><strong>et</strong></span> <span class='ocrx_word' id='word_1_132' title='bbox 1205 2557 1299 2611; x_wconf 93' lang='lat' dir='ltr'><strong>cum</strong></span> <span class='ocrx_word' id='word_1_133' title='bbox 1335 2531 1460 2611; x_wconf 88' lang='lat' dir='ltr'><strong>vellet</strong></span> <span class='ocrx_word' id='word_1_134' title='bbox 1478 2557 1552 2639; x_wconf 88' lang='lat' dir='ltr'><strong>per</strong></span> 
     </span>
    </p>
   </div>
   <div class='ocr_carea' id='block_1_3' title="bbox 151 2644 1677 2760">
    <p class='ocr_par' dir='ltr' id='par_1_3' title="bbox 151 2644 1677 2760">
     <span class='ocr_line' id='line_1_19' title="bbox 151 2644 1677 2760; baseline -0.001 -25"><span class='ocrx_word' id='word_1_135' title='bbox 151 2647 364 2760; x_wconf 78' lang='lat' dir='ltr'><strong>Bobuch⁸)</strong></span> <span class='ocrx_word' id='word_1_136' title='bbox 398 2647 607 2758; x_wconf 82' lang='lat' dir='ltr'><strong>Rabcha⁹)</strong></span> <span class='ocrx_word' id='word_1_137' title='bbox 641 2651 886 2759; x_wconf 89' lang='lat' dir='ltr'><strong>pertransire</strong></span> <span class='ocrx_word' id='word_1_138' title='bbox 929 2650 1114 2733; x_wconf 76' lang='lat' dir='ltr'><strong>fluvium.</strong></span> <span class='ocrx_word' id='word_1_139' title='bbox 1148 2651 1316 2733; x_wconf 84' lang='lat' dir='ltr'><strong>Rabcha</strong></span> <span class='ocrx_word' id='word_1_140' title='bbox 1358 2666 1551 2759; x_wconf 90' lang='lat' dir='ltr'><strong>stagnan·</strong></span> <span class='ocrx_word' id='word_1_141' title='bbox 1675 2644 1677 2648; x_wconf 60' lang='grc'><strong>’</strong></span> 
     </span>
    </p>
   </div>
   <div class='ocr_carea' id='block_1_4' title="bbox 148 2773 1556 4348">
    <p class='ocr_par' dir='ltr' id='par_1_4' title="bbox 148 2773 1556 4348">
     <span class='ocr_line' id='line_1_20' title="bbox 148 2773 1552 2884; baseline 0.001 -27"><span class='ocrx_word' id='word_1_142' title='bbox 148 2776 260 2858; x_wconf 88' lang='lat' dir='ltr'><strong>tibus</strong></span> <span class='ocrx_word' id='word_1_143' title='bbox 292 2774 411 2881; x_wconf 90' lang='lat' dir='ltr'><strong>aquis</strong></span> <span class='ocrx_word' id='word_1_144' title='bbox 438 2789 479 2856; x_wconf 92' lang='lat' dir='ltr'><strong>et</strong></span> <span class='ocrx_word' id='word_1_145' title='bbox 499 2773 753 2856; x_wconf 86' lang='lat' dir='ltr'><strong>densissimis</strong></span> <span class='ocrx_word' id='word_1_146' title='bbox 779 2774 1019 2855; x_wconf 81' lang='lat' dir='ltr'><strong>nemoribus</strong></span> <span class='ocrx_word' id='word_1_147' title='bbox 1042 2775 1446 2881; x_wconf 88' lang='lat' dir='ltr'><strong>scaturientibusque</strong></span> <span class='ocrx_word' id='word_1_148' title='bbox 1479 2803 1552 2884; x_wconf 91' lang='lat' dir='ltr'><strong>pa·</strong></span> 
     </span>
     <span class='ocr_line' id='line_1_21' title="bbox 148 2896 1551 3005; baseline 0.001 -26"><span class='ocrx_word' id='word_1_149' title='bbox 148 2898 316 2980; x_wconf 90' lang='lat' dir='ltr'><strong>ludibus</strong></span> <span class='ocrx_word' id='word_1_150' title='bbox 349 2896 705 3004; x_wconf 88' lang='lat' dir='ltr'><strong>impermeabilem</strong></span> <span class='ocrx_word' id='word_1_151' title='bbox 739 2897 911 2978; x_wconf 85' lang='lat' dir='ltr'><strong>transire</strong></span> <span class='ocrx_word' id='word_1_152' title='bbox 945 2923 1027 2977; x_wconf 93' lang='lat' dir='ltr'><strong>non</strong></span> <span class='ocrx_word' id='word_1_153' title='bbox 1061 2897 1206 3003; x_wconf 89' lang='lat' dir='ltr'><strong>potuit.</strong></span> <span class='ocrx_word' id='word_1_154' title='bbox 1239 2896 1423 3003; x_wconf 86' lang='lat' dir='ltr'><strong>Hungari</strong></span> <span class='ocrx_word' id='word_1_155' title='bbox 1457 2926 1551 3005; x_wconf 90' lang='lat' dir='ltr'><strong>ergo</strong></span> 
     </span>
     <span class='ocr_line' id='line_1_22' title="bbox 149 3017 1552 3127; baseline 0.001 -26"><span class='ocrx_word' id='word_1_156' title='bbox 149 3020 221 3127; x_wconf 93' lang='lat' dir='ltr'><strong>qui</strong></span> <span class='ocrx_word' id='word_1_157' title='bbox 255 3033 373 3101; x_wconf 86' lang='lat' dir='ltr'><strong>erant</strong></span> <span class='ocrx_word' id='word_1_158' title='bbox 404 3046 500 3102; x_wconf 85' lang='lat' dir='ltr'><strong>curn</strong></span> <span class='ocrx_word' id='word_1_159' title='bbox 536 3017 684 3100; x_wconf 88' lang='lat' dir='ltr'><strong>Cesare</strong></span> <span class='ocrx_word' id='word_1_160' title='bbox 718 3030 759 3099; x_wconf 91' lang='lat' dir='ltr'><strong>et</strong></span> <span class='ocrx_word' id='word_1_161' title='bbox 789 3018 908 3099; x_wconf 92' lang='lat' dir='ltr'><strong>Petro</strong></span> <span class='ocrx_word' id='word_1_162' title='bbox 941 3046 1049 3124; x_wconf 91' lang='lat' dir='ltr'><strong>rege,</strong></span> <span class='ocrx_word' id='word_1_163' title='bbox 1083 3018 1293 3102; x_wconf 83' lang='lat' dir='ltr'><strong>duxerunt</strong></span> <span class='ocrx_word' id='word_1_164' title='bbox 1322 3022 1552 3102; x_wconf 84' lang='lat' dir='ltr'><strong>exercitum</strong></span> 
     </span>
     <span class='ocr_line' id='line_1_23' title="bbox 149 3139 1552 3247; baseline 0.002 -25"><span class='ocrx_word' id='word_1_165' title='bbox 149 3154 235 3224; x_wconf 84' lang='lat' dir='ltr'><strong>tota</strong></span> <span class='ocrx_word' id='word_1_166' title='bbox 267 3154 389 3223; x_wconf 88' lang='lat' dir='ltr'><strong>nocte</strong></span> <span class='ocrx_word' id='word_1_167' title='bbox 422 3140 655 3247; x_wconf 87' lang='lat' dir='ltr'><strong>equitantes</strong></span> <span class='ocrx_word' id='word_1_168' title='bbox 687 3167 851 3222; x_wconf 88' lang='lat' dir='ltr'><strong>sursum</strong></span> <span class='ocrx_word' id='word_1_169' title='bbox 896 3142 1012 3221; x_wconf 86' lang='lat' dir='ltr'><strong>iuxta</strong></span> <span class='ocrx_word' id='word_1_170' title='bbox 1044 3139 1192 3222; x_wconf 87' lang='lat' dir='ltr'><strong>llnuios</strong></span> <span class='ocrx_word' id='word_1_171' title='bbox 1225 3141 1339 3223; x_wconf 82' lang='lat' dir='ltr'><strong>Baba</strong></span> <span class='ocrx_word' id='word_1_172' title='bbox 1372 3157 1412 3223; x_wconf 89' lang='lat' dir='ltr'><strong>et</strong></span> <span class='ocrx_word' id='word_1_173' title='bbox 1444 3143 1552 3226; x_wconf 85' lang='lat' dir='ltr'><strong>Rab-</strong></span> 
     </span>
     <span class='ocr_line' id='line_1_24' title="bbox 149 3258 1550 3371; baseline 0.001 -26"><span class='ocrx_word' id='word_1_174' title='bbox 149 3258 305 3371; x_wconf 82' lang='lat' dir='ltr'><strong>cha¹⁰),</strong></span> <span class='ocrx_word' id='word_1_175' title='bbox 338 3289 442 3370; x_wconf 88' lang='lat' dir='ltr'><strong>quos</strong></span> <span class='ocrx_word' id='word_1_176' title='bbox 485 3263 752 3343; x_wconf 86' lang='lat' dir='ltr'><strong>illucescente</strong></span> <span class='ocrx_word' id='word_1_177' title='bbox 796 3263 882 3343; x_wconf 91' lang='lat' dir='ltr'><strong>sole</strong></span> <span class='ocrx_word' id='word_1_178' title='bbox 922 3258 1097 3369; x_wconf 86' lang='lat' dir='ltr'><strong>facili¹¹)</strong></span> <span class='ocrx_word' id='word_1_179' title='bbox 1139 3263 1247 3344; x_wconf 88' lang='lat' dir='ltr'><strong>uado</strong></span> <span class='ocrx_word' id='word_1_180' title='bbox 1290 3265 1550 3349; x_wconf 87' lang='lat' dir='ltr'><strong>transierunt.</strong></span> 
     </span>
     <span class='ocr_line' id='line_1_25' title="bbox 149 3383 1552 3490; baseline 0.001 -22"><span class='ocrx_word' id='word_1_181' title='bbox 149 3385 339 3468; x_wconf 88' lang='lat' dir='ltr'><strong>Occurrit</strong></span> <span class='ocrx_word' id='word_1_182' title='bbox 370 3396 510 3466; x_wconf 91' lang='lat' dir='ltr'><strong>autem</strong></span> <span class='ocrx_word' id='word_1_183' title='bbox 555 3384 591 3464; x_wconf 90' lang='lat' dir='ltr'><strong>ei</strong></span> <span class='ocrx_word' id='word_1_184' title='bbox 626 3386 719 3464; x_wconf 77' lang='lat' dir='ltr'><strong>Aba</strong></span> <span class='ocrx_word' id='word_1_185' title='bbox 762 3412 833 3464; x_wconf 84' lang='lat' dir='ltr'><strong>rex</strong></span> <span class='ocrx_word' id='word_1_186' title='bbox 869 3385 908 3464; x_wconf 92' lang='lat' dir='ltr'><strong>in</strong></span> <span class='ocrx_word' id='word_1_187' title='bbox 955 3383 1121 3465; x_wconf 88' lang='lat' dir='ltr'><strong>lllenfeu</strong></span> <span class='ocrx_word' id='word_1_188' title='bbox 1164 3386 1281 3466; x_wconf 86' lang='lat' dir='ltr'><strong>iuxta</strong></span> <span class='ocrx_word' id='word_1_189' title='bbox 1320 3386 1552 3490; x_wconf 78' lang='lat' dir='ltr'><strong>laurinum,</strong></span> 
     </span>
     <span class='ocr_line' id='line_1_26' title="bbox 149 3506 1553 3615; baseline 0.004 -26"><span class='ocrx_word' id='word_1_190' title='bbox 149 3535 246 3591; x_wconf 87' lang='lat' dir='ltr'><strong>eum</strong></span> <span class='ocrx_word' id='word_1_191' title='bbox 290 3534 440 3612; x_wconf 88' lang='lat' dir='ltr'><strong>magna</strong></span> <span class='ocrx_word' id='word_1_192' title='bbox 484 3506 747 3589; x_wconf 89' lang='lat' dir='ltr'><strong>multitudine</strong></span> <span class='ocrx_word' id='word_1_193' title='bbox 791 3522 1054 3608; x_wconf 86' lang='lat' dir='ltr'><strong>armatorum,</strong></span> <span class='ocrx_word' id='word_1_194' title='bbox 1094 3506 1267 3589; x_wconf 90' lang='lat' dir='ltr'><strong>nimium</strong></span> <span class='ocrx_word' id='word_1_195' title='bbox 1309 3537 1553 3615; x_wconf 90' lang='lat' dir='ltr'><strong>presumens</strong></span> 
     </span>
     <span class='ocr_line' id='line_1_27' title="bbox 148 3627 1552 3739; baseline 0.003 -29"><span class='ocrx_word' id='word_1_196' title='bbox 148 3630 202 3710; x_wconf 94' lang='lat' dir='ltr'><strong>de</strong></span> <span class='ocrx_word' id='word_1_197' title='bbox 243 3629 429 3729; x_wconf 88' lang='lat' dir='ltr'><strong>victoria,</strong></span> <span class='ocrx_word' id='word_1_198' title='bbox 474 3628 570 3735; x_wconf 89' lang='lat' dir='ltr'><strong>quia</strong></span> <span class='ocrx_word' id='word_1_199' title='bbox 615 3627 760 3709; x_wconf 88' lang='lat' dir='ltr'><strong>Bauari</strong></span> <span class='ocrx_word' id='word_1_200' title='bbox 800 3629 967 3734; x_wconf 91' lang='lat' dir='ltr'><strong>quidam</strong></span> <span class='ocrx_word' id='word_1_201' title='bbox 1011 3629 1303 3711; x_wconf 89' lang='lat' dir='ltr'><strong>intimauerant</strong></span> <span class='ocrx_word' id='word_1_202' title='bbox 1348 3632 1397 3733; x_wconf 88' lang='lat' dir='ltr'><strong>ei,</strong></span> <span class='ocrx_word' id='word_1_203' title='bbox 1441 3633 1552 3739; x_wconf 92' lang='lat' dir='ltr'><strong>quod</strong></span> 
     </span>
     <span class='ocr_line' id='line_1_28' title="bbox 150 3750 1554 3858; baseline 0.002 -24"><span class='ocrx_word' id='word_1_204' title='bbox 150 3750 277 3834; x_wconf 89' lang='lat' dir='ltr'><strong>Cesar</strong></span> <span class='ocrx_word' id='word_1_205' title='bbox 307 3776 433 3858; x_wconf 88' lang='lat' dir='ltr'><strong>super</strong></span> <span class='ocrx_word' id='word_1_206' title='bbox 465 3779 559 3831; x_wconf 86' lang='lat' dir='ltr'><strong>eum</strong></span> <span class='ocrx_word' id='word_1_207' title='bbox 595 3778 689 3829; x_wconf 86' lang='lat' dir='ltr'><strong>curn</strong></span> <span class='ocrx_word' id='word_1_208' title='bbox 736 3750 879 3856; x_wconf 89' lang='lat' dir='ltr'><strong>paucis</strong></span> <span class='ocrx_word' id='word_1_209' title='bbox 912 3751 1083 3831; x_wconf 78' lang='lat' dir='ltr'><strong>veniret.</strong></span> <span class='ocrx_word' id='word_1_210' title='bbox 1117 3750 1168 3831; x_wconf 87' lang='lat' dir='ltr'><strong>Et</strong></span> <span class='ocrx_word' id='word_1_211' title='bbox 1201 3767 1247 3832; x_wconf 93' lang='lat' dir='ltr'><strong>ut</strong></span> <span class='ocrx_word' id='word_1_212' title='bbox 1279 3754 1428 3836; x_wconf 92' lang='lat' dir='ltr'><strong>dicitur</strong></span> <span class='ocrx_word' id='word_1_213' title='bbox 1461 3757 1554 3837; x_wconf 85' lang='lat' dir='ltr'><strong>Aba</strong></span> 
     </span>
     <span class='ocr_line' id='line_1_29' title="bbox 148 3872 1554 3980; baseline 0.004 -26"><span class='ocrx_word' id='word_1_214' title='bbox 148 3901 226 3954; x_wconf 86' lang='lat' dir='ltr'><strong>rex</strong></span> <span class='ocrx_word' id='word_1_215' title='bbox 259 3873 469 3954; x_wconf 86' lang='lat' dir='ltr'><strong>victoriam</strong></span> <span class='ocrx_word' id='word_1_216' title='bbox 506 3872 728 3973; x_wconf 86' lang='lat' dir='ltr'><strong>habuisset,</strong></span> <span class='ocrx_word' id='word_1_217' title='bbox 763 3872 839 3953; x_wconf 89' lang='lat' dir='ltr'><strong>uisi</strong></span> <span class='ocrx_word' id='word_1_218' title='bbox 874 3873 971 3979; x_wconf 88' lang='lat' dir='ltr'><strong>quia</strong></span> <span class='ocrx_word' id='word_1_219' title='bbox 1004 3872 1176 3976; x_wconf 87' lang='lat' dir='ltr'><strong>hungari</strong></span> <span class='ocrx_word' id='word_1_220' title='bbox 1209 3874 1377 3980; x_wconf 88' lang='lat' dir='ltr'><strong>quidam</strong></span> <span class='ocrx_word' id='word_1_221' title='bbox 1411 3873 1554 3959; x_wconf 76' lang='lat' dir='ltr'><strong>amiei&#39;·</strong></span> 
     </span>
     <span class='ocr_line' id='line_1_30' title="bbox 150 3994 1554 4107; baseline 0.004 -31"><span class='ocrx_word' id='word_1_222' title='bbox 150 3996 256 4076; x_wconf 87' lang='lat' dir='ltr'><strong>ciam</strong></span> <span class='ocrx_word' id='word_1_223' title='bbox 291 3995 409 4075; x_wconf 91' lang='lat' dir='ltr'><strong>Petro</strong></span> <span class='ocrx_word' id='word_1_224' title='bbox 442 3994 526 4100; x_wconf 85' lang='lat' dir='ltr'><strong>regi</strong></span> <span class='ocrx_word' id='word_1_225' title='bbox 558 4006 818 4075; x_wconf 88' lang='lat' dir='ltr'><strong>reseruantes</strong></span> <span class='ocrx_word' id='word_1_226' title='bbox 847 4002 1141 4101; x_wconf 88' lang='lat' dir='ltr'><strong>superterram</strong></span> <span class='ocrx_word' id='word_1_227' title='bbox 1176 4022 1252 4076; x_wconf 92' lang='lat' dir='ltr'><strong>sua</strong></span> <span class='ocrx_word' id='word_1_228' title='bbox 1273 3998 1428 4080; x_wconf 85' lang='lat' dir='ltr'><strong>vexilla</strong></span> <span class='ocrx_word' id='word_1_229' title='bbox 1459 4027 1554 4107; x_wconf 91' lang='lat' dir='ltr'><strong>pro·</strong></span> 
     </span>
     <span class='ocr_line' id='line_1_31' title="bbox 148 4114 1553 4227; baseline 0.004 -28"><span class='ocrx_word' id='word_1_230' title='bbox 148 4117 355 4218; x_wconf 88' lang='lat' dir='ltr'><strong>iecissent,</strong></span> <span class='ocrx_word' id='word_1_231' title='bbox 380 4128 423 4197; x_wconf 90' lang='lat' dir='ltr'><strong>et</strong></span> <span class='ocrx_word' id='word_1_232' title='bbox 441 4116 655 4222; x_wconf 86' lang='lat' dir='ltr'><strong>fugissent.</strong></span> <span class='ocrx_word' id='word_1_233' title='bbox 676 4117 861 4198; x_wconf 82' lang='lat' dir='ltr'><strong>Tradunt</strong></span> <span class='ocrx_word' id='word_1_234' title='bbox 892 4128 1032 4198; x_wconf 89' lang='lat' dir='ltr'><strong>autern</strong></span> <span class='ocrx_word' id='word_1_235' title='bbox 1065 4114 1293 4220; x_wconf 86' lang='lat' dir='ltr'><strong>Teutonici,</strong></span> <span class='ocrx_word' id='word_1_236' title='bbox 1312 4123 1422 4227; x_wconf 92' lang='lat' dir='ltr'><strong>quod</strong></span> <span class='ocrx_word' id='word_1_237' title='bbox 1457 4151 1553 4205; x_wconf 91' lang='lat' dir='ltr'><strong>cum</strong></span> 
     </span>
     <span class='ocr_line' id='line_1_32' title="bbox 149 4237 1556 4348; baseline 0.004 -26"><span class='ocrx_word' id='word_1_238' title='bbox 149 4240 205 4322; x_wconf 91' lang='lat' dir='ltr'><strong>ad</strong></span> <span class='ocrx_word' id='word_1_239' title='bbox 246 4239 423 4348; x_wconf 89' lang='lat' dir='ltr'><strong>prelium</strong></span> <span class='ocrx_word' id='word_1_240' title='bbox 465 4239 883 4347; x_wconf 89' lang='lat' dir='ltr'><strong>appropinquassent,</strong></span> <span class='ocrx_word' id='word_1_241' title='bbox 918 4265 1013 4319; x_wconf 90' lang='lat' dir='ltr'><strong>eum</strong></span> <span class='ocrx_word' id='word_1_242' title='bbox 1058 4237 1198 4320; x_wconf 89' lang='lat' dir='ltr'><strong>celesti</strong></span> <span class='ocrx_word' id='word_1_243' title='bbox 1241 4241 1357 4347; x_wconf 90' lang='lat' dir='ltr'><strong>signo</strong></span> <span class='ocrx_word' id='word_1_244' title='bbox 1401 4246 1556 4328; x_wconf 92' lang='lat' dir='ltr'><strong>nebula</strong></span> 
     </span>
    </p>
   </div>
   <div class='ocr_carea' id='block_1_5' title="bbox 147 4448 359 4460">
    <p class='ocr_par' dir='ltr' id='par_1_5' title="bbox 147 4448 359 4460">
     <span class='ocr_line' id='line_1_33' title="bbox 147 4448 359 4460; baseline -0.014 0"><span class='ocrx_word' id='word_1_245' title='bbox 147 4448 359 4460; x_wconf 51' lang='lat'><strong>*—</strong></span> 
     </span>
    </p>
   </div>
   <div class='ocr_carea' id='block_1_6' title="bbox 149 4549 1554 4943">
    <p class='ocr_par' dir='ltr' id='par_1_6' title="bbox 149 4549 1554 4943">
     <span class='ocr_line' id='line_1_34' title="bbox 311 4549 1554 4654; baseline 0.005 -29"><span class='ocrx_word' id='word_1_246' title='bbox 311 4551 338 4646; x_wconf 85' lang='lat'><strong>¹)</strong></span> <span class='ocrx_word' id='word_1_247' title='bbox 366 4552 546 4626; x_wconf 84' lang='lat' dir='ltr'><strong>animatus.</strong></span> <span class='ocrx_word' id='word_1_248' title='bbox 577 4557 604 4654; x_wconf 82' lang='lat'><strong>²)</strong></span> <span class='ocrx_word' id='word_1_249' title='bbox 634 4550 833 4645; x_wconf 82' lang='lat' dir='ltr'><strong>llangribus.</strong></span> <span class='ocrx_word' id='word_1_250' title='bbox 852 4551 920 4624; x_wconf 84' lang='lat' dir='ltr'><strong>VP.</strong></span> <span class='ocrx_word' id='word_1_251' title='bbox 952 4551 987 4624; x_wconf 83' lang='lat' dir='ltr'><strong>S.</strong></span> <span class='ocrx_word' id='word_1_252' title='bbox 1017 4549 1231 4646; x_wconf 86' lang='lat' dir='ltr'><strong>fiagrlnibus.</strong></span> <span class='ocrx_word' id='word_1_253' title='bbox 1248 4549 1290 4627; x_wconf 79' lang='lat' dir='ltr'><strong>h.</strong></span> <span class='ocrx_word' id='word_1_254' title='bbox 1319 4554 1415 4647; x_wconf 82' lang='lat' dir='ltr'><strong>³)our</strong></span> <span class='ocrx_word' id='word_1_255' title='bbox 1459 4561 1487 4647; x_wconf 79' lang='lat'><strong>⁴)</strong></span> <span class='ocrx_word' id='word_1_256' title='bbox 1504 4556 1554 4630; x_wconf 93' lang='lat' dir='ltr'><strong>in-</strong></span> 
     </span>
     <span class='ocr_line' id='line_1_35' title="bbox 149 4653 1553 4753; baseline 0.001 -19"><span class='ocrx_word' id='word_1_257' title='bbox 149 4659 405 4734; x_wconf 80' lang='lat' dir='ltr'><strong>centores-VR</strong></span> <span class='ocrx_word' id='word_1_258' title='bbox 437 4657 466 4749; x_wconf 77' lang='lat'><strong>⁶)</strong></span> <span class='ocrx_word' id='word_1_259' title='bbox 494 4680 559 4730; x_wconf 89' lang='lat' dir='ltr'><strong>orn.</strong></span> <span class='ocrx_word' id='word_1_260' title='bbox 593 4661 619 4745; x_wconf 76' lang='lat'><strong>¹³)</strong></span> <span class='ocrx_word' id='word_1_261' title='bbox 651 4655 836 4750; x_wconf 85' lang='lat' dir='ltr'><strong>respoudit.</strong></span> <span class='ocrx_word' id='word_1_262' title='bbox 869 4653 896 4745; x_wconf 74' lang='lat'><strong>²)</strong></span> <span class='ocrx_word' id='word_1_263' title='bbox 925 4656 1140 4748; x_wconf 84' lang='lat' dir='ltr'><strong>Supronium.</strong></span> <span class='ocrx_word' id='word_1_264' title='bbox 1169 4661 1239 4733; x_wconf 62' lang='grc' dir='ltr'><strong>ΥΡ.</strong></span> <span class='ocrx_word' id='word_1_265' title='bbox 1269 4661 1488 4753; x_wconf 86' lang='lat' dir='ltr'><strong>Suprunium.</strong></span> <span class='ocrx_word' id='word_1_266' title='bbox 1518 4664 1553 4735; x_wconf 89' lang='lat' dir='ltr'><strong>S.</strong></span> 
     </span>
     <span class='ocr_line' id='line_1_36' title="bbox 151 4756 1554 4851; baseline 0.003 -14"><span class='ocrx_word' id='word_1_267' title='bbox 151 4759 181 4845; x_wconf 73' lang='grc'><strong>8&gt;</strong></span> <span class='ocrx_word' id='word_1_268' title='bbox 204 4761 343 4837; x_wconf 84' lang='lat' dir='ltr'><strong>bobulh.</strong></span> <span class='ocrx_word' id='word_1_269' title='bbox 376 4757 403 4841; x_wconf 75' lang='lat'><strong>⁹)</strong></span> <span class='ocrx_word' id='word_1_270' title='bbox 426 4761 585 4836; x_wconf 87' lang='lat' dir='ltr'><strong>raabcha.</strong></span> <span class='ocrx_word' id='word_1_271' title='bbox 616 4762 650 4835; x_wconf 89' lang='lat' dir='ltr'><strong>S.</strong></span> <span class='ocrx_word' id='word_1_272' title='bbox 680 4756 721 4851; x_wconf 83' lang='lat'><strong>¹⁰)</strong></span> <span class='ocrx_word' id='word_1_273' title='bbox 749 4760 853 4832; x_wconf 82' lang='lat' dir='ltr'><strong>rauba</strong></span> <span class='ocrx_word' id='word_1_274' title='bbox 888 4763 922 4833; x_wconf 87' lang='lat' dir='ltr'><strong>et</strong></span> <span class='ocrx_word' id='word_1_275' title='bbox 950 4762 1107 4836; x_wconf 86' lang='lat' dir='ltr'><strong>raabeha.</strong></span> <span class='ocrx_word' id='word_1_276' title='bbox 1139 4765 1173 4837; x_wconf 86' lang='lat' dir='ltr'><strong>S.</strong></span> <span class='ocrx_word' id='word_1_277' title='bbox 1209 4760 1247 4847; x_wconf 86' lang='lat' dir='ltr'><strong>¹¹l</strong></span> <span class='ocrx_word' id='word_1_278' title='bbox 1279 4765 1378 4840; x_wconf 84' lang='lat' dir='ltr'><strong>facile</strong></span> <span class='ocrx_word' id='word_1_279' title='bbox 1407 4766 1554 4841; x_wconf 86' lang='lat' dir='ltr'><strong>transie-</strong></span> 
     </span>
     <span class='ocr_line' id='line_1_37' title="bbox 151 4865 618 4943; baseline -0.006 -1"><span class='ocrx_word' id='word_1_280' title='bbox 151 4872 244 4943; x_wconf 86' lang='lat' dir='ltr'><strong>runt.</strong></span> <span class='ocrx_word' id='word_1_281' title='bbox 273 4868 314 4941; x_wconf 92' lang='lat' dir='ltr'><strong>B.</strong></span> <span class='ocrx_word' id='word_1_282' title='bbox 344 4865 438 4942; x_wconf 87' lang='lat' dir='ltr'><strong>lacili</strong></span> <span class='ocrx_word' id='word_1_283' title='bbox 454 4866 560 4941; x_wconf 88' lang='lat' dir='ltr'><strong>ruodo.</strong></span> <span class='ocrx_word' id='word_1_284' title='bbox 581 4866 618 4941; x_wconf 81' lang='lat' dir='ltr'><strong>S.</strong></span> 
     </span>
    </p>
   </div>
   <div class='ocr_carea' id='block_1_7' title="bbox 0 0 1807 5490">
    <p class='ocr_par' dir='ltr' id='par_1_7' title="bbox 0 0 1807 5490">
     <span class='ocr_line' id='line_1_38' title="bbox 0 0 1807 5490; baseline 0 0"><span class='ocrx_word' id='word_1_285' title='bbox 0 0 1807 5490; x_wconf 95' lang='lat' dir='ltr'><strong> </strong></span> 
     </span>
    </p>
   </div>
  </div>
 </body>
</html>
