3660 5506
885 311 929 380 68

208 548 284 611 suo
317 526 428 609 fame
461 552 659 636 oppresso
692 529 875 612 subsidia
908 531 991 612 rite
1014 529 1241 637 largiretur,
1268 529 1356 637 ipse
1390 554 1612 637 nunqnam

208 651 376 734 Andree
417 651 502 756 regi
543 667 584 738 et
624 650 933 736 successoribus
972 652 1061 736 eius
1101 652 1393 754 inimicaretur,
1428 665 1471 732 et
1504 679 1615 734 nun·

209 798 336 881 quam
379 799 403 854 a
444 773 566 854 modo
609 800 746 880 regem
789 774 1078 881 Hungarorum
1120 774 1241 857 dictis
1281 775 1347 855 rel
1384 774 1508 856 factis
1545 788 1621 855 aut

211 895 381 977 consilio
424 895 562 977 ledere
605 910 882 1004 attemptaret.
915 896 995 979 Sed
1030 897 1160 978 eciam
1193 897 1322 1004 siquis
1354 895 1406 977 de
1440 922 1618 978 succes·

211 1016 371 1100 scribus
413 1017 498 1100 suis
539 1018 591 1100 ad
634 1017 924 1100 debellandam
967 1018 1221 1126 Hungariam
1260 1042 1374 1100 arma
1405 1033 1618 1118 moueret,

209 1138 541 1246 indignacionem
564 1140 859 1247 omnipotentis
887 1142 952 1222 dei
975 1141 1211 1244 incurreret,
1231 1155 1272 1222 et
1292 1152 1498 1249 perpetuo
1523 1141 1620 1224 eius

211 1261 464 1345 anathemati
496 1263 738 1346 subiaceret.
775 1263 917 1345 Filiam
958 1290 1125 1372 quoque
1158 1290 1276 1346 suam
1304 1261 1504 1371 Sophiam
1539 1261 1618 1345 Sa·

212 1385 365 1467 lomoni
397 1383 483 1466 filio
517 1386 621 1490 regis
648 1385 813 1468 Andree
846 1386 961 1468 daret
990 1387 1029 1467 in
1056 1381 1288 1493 uxorem‚¹)
1319 1397 1491 1493 propter
1516 1413 1617 1494 per-

211 1520 338 1616 petue
370 1507 484 1615 pacis
525 1508 663 1589 federa
704 1508 861 1591 firmius
895 1509 1135 1592 roboranda.
1171 1508 1260 1590 Hec
1292 1521 1433 1590 autem
1468 1508 1616 1589 omnia

210 1623 425 1736 fideliter²)
443 1642 704 1712 seruaturum
733 1631 992 1714 iurisiurandi
1010 1631 1204 1737 religione
1237 1631 1479 1739 interposita
1512 1655 1617 1712 con·

210 1752 413 1836 firmabat.
440 1749 529 1833 Rex
563 1752 702 1860 itaque
722 1753 907 1836 Andreas
935 1765 976 1835 et
992 1753 1080 1835 dux
1113 1753 1223 1855 Bela‚
1242 1753 1371 1859 magis
1404 1767 1616 1835 amatores

213 1875 327 1984 pacis
368 1900 492 1982 quam
537 1875 737 1958 discordie
780 1877 1048 1959 seminatores
1086 1903 1176 1958 esse
1217 1876 1416 1975 volentes,
1462 1902 1615 1982 pacem

213 2025 308 2079 cum
343 1995 491 2080 Cesare
530 2015 866 2105 composuerunt.
908 1997 1034 2080 Cesar
1069 2014 1209 2081 autem
1243 1999 1284 2078 in
1317 1998 1483 2106 propria
1516 2024 1614 2105 per·

213 2145 314 2201 sona
346 2145 422 2201 sua
462 2119 724 2201 iureiurando
768 2120 1040 2221 confirmauit,
1083 2121 1220 2202 omnia
1254 2147 1335 2228 que
1368 2120 1533 2200 dixerat
1567 2118 1615 2200 fi-

213 2241 361 2322 deliter
403 2235 489 2347 se³)
536 2243 754 2325 facturum.
800 2242 916 2323 Tunc
960 2271 1032 2324 rex
1076 2244 1264 2325 Andreas
1305 2241 1423 2324 solita
1466 2268 1614 2347 regum

213 2363 425 2468 Hungarie
458 2364 644 2470 largitate
678 2365 844 2465 utendo,
879 2365 989 2447 misit
1020 2363 1159 2448 Cesari
1192 2364 1493 2473 quinquaginta
1525 2390 1616 2445 cor·

214 2512 314 2593 pora
356 2485 653 2569 immensorum
698 2483 961 2595 lmsonunr,⁴)
1005 2489 1087 2568 duo
1130 2488 1242 2568 milia
1274 2482 1539 2592 lardorum‚⁵)
1576 2504 1618 2567 et

214 2608 265 2689 de
297 2607 476 2716 panibus
509 2609 603 2717 plus
636 2634 762 2716 quam
795 2636 937 2691 secum
971 2611 1075 2690 ferre
1109 2604 1325 2717 poterat.⁶)
1359 2606 1472 2690 Oues
1507 2634 1616 2715 quo·

215 2757 297 2839 que
339 2745 381 2812 et
420 2731 551 2814 boues
593 2758 667 2814 seu
710 2732 891 2838 pecudes
940 2728 1198 2839 pascuales⁷l
1241 2748 1282 2812 et
1323 2730 1407 2811 vini
1448 2731 1618 2838 copiam

214 2848 634 2962 supereffluentern.⁸)
667 2853 880 2935 Teutonici
914 2849 1050 2961 ergo⁹)
1084 2880 1107 2934 a
1139 2854 1329 2936 laticibus
1364 2852 1505 2934 mortis
1539 2855 1621 2934 mi·

175 3068 177 3073 ¹
214 2976 425 3059 seracione
468 2977 746 3081 hungarorum
790 2976 949 3055 liberati
992 2977 1142 3057 relictis
1180 2989 1363 3083 teutorys
1397 2991 1438 3054 et
1470 2973 1623 3083 clipeis

215 3111 256 3179 et
298 3099 500 3180 uniuersis
542 3097 869 3205 supellectilibus
913 3097 997 3178 suis
1043 3098 1213 3178 abiectis
1263 3097 1367 3178 adeo
1409 3098 1623 3180 concitato

215 3247 338 3301 cursu
371 3221 412 3300 in
455 3219 700 3301 Teutouiam
744 3218 876 3299 redire
910 3214 1259 3326 properarunt,¹⁰)
1294 3218 1405 3326 quod
1439 3245 1518 3299 uec
1551 3246 1623 3300 re·

214 3344 495 3448 trospicerent.
529 3341 593 3421 Ex
626 3341 860 3421 lrocautem
896 3357 1050 3422 euentu
1084 3342 1198 3423 locus
1232 3341 1299 3421 ille
1332 3340 1445 3422 unde
1477 3354 1625 3422 teuto·

214 3464 295 3544 uici
328 3480 411 3543 tam
453 3463 627 3569 turpiter
663 3461 894 3542 dedecorati
929 3462 1098 3544 abiectis
1132 3463 1274 3570 clipeis
1315 3464 1512 3569 fugeruut
1545 3491 1624 3547 us·

214 3611 295 3692 que
329 3579 517 3692 modo¹¹)
554 3579 896 3692 verreshegtreffl)
930 3598 1207 3694 nuncupatur.

374 3909 398 3995 ¹)
432 3935 533 4007 quam
564 3955 608 3965 -
639 3917 862 3987 sacramento.
903 3913 996 3986 solus
1033 3913 1110 3988 VP.
1142 3909 1169 3995 ²)
1203 3937 1239 3988 se
1276 3916 1549 3992 adseruatururn.
1582 3917 1626 4017 S.

214 4032 241 4118 'l
269 4060 306 4110 se
333 4059 398 4109 om.
426 4035 496 4110 VP.
526 4033 554 4114 ⁴)
577 4058 730 4108 usonum.
761 4036 834 4110 VP.
864 4030 1033 4112 nsionurn.
1062 4038 1096 4112 S.
1119 4031 1146 4118 ⁶)
1171 4036 1265 4110 mille
1294 4043 1410 4112 tauros
1439 4038 1623 4132 ingentes.

213 4158 290 4231 add.
320 4158 395 4233 VP.
421 4152 449 4239 ⁶)
484 4162 655 4252 poterant.
697 4150 722 4245 ⁷)
749 4157 942 4251 pasquales.
973 4156 1009 4230 S.
1050 4154 1077 4240 ⁸)
1103 4158 1247 4232 Plurimi
1278 4202 1326 4214 -
1355 4158 1480 4232 mortui
1516 4161 1623 4238 sunt'.

215 4278 338 4354 inserit
364 4278 421 4354 hio
448 4280 524 4354 VP.
555 4275 582 4362 ⁹)
614 4278 755 4353 Residui
790 4300 870 4353 vero
908 4277 980 4352 VP.
1018 4278 1106 4352 ride.
1144 4281 1246 4354 Font.
1274 4282 1322 4355 ΙΙ.
1354 4282 1439 4354 162.
1473 4276 1515 4362 ¹⁰)
1536 4306 1623 4377 pro·

215 4404 389 4486 curarunt.
418 4399 455 4482 S.
489 4397 530 4483 ιι)
546 4401 657 4482 bodie.
688 4401 763 4483 VP.
796 4394 838 4482 ¹²)
857 4399 969 4473 uirtus
996 4401 1082 4502 hege
1109 4400 1143 4475 S.
