3660 5506
909 300 1065 403 -1-73-

225 511 371 614 (lle
414 512 649 596 obsidione
689 513 895 594 olnltetis
935 512 1135 603 Auerno,
1178 518 1225 593 et
1269 512 1326 594 de
1371 512 1690 594 vulneratione

728 653 856 757 regio
884 654 1010 733 olroe
1036 651 1257 746 eandem.)
1772 672 1781 683 ·

450 884 545 966 190.
592 880 716 994 (sib)
748 884 799 965 Et
830 884 980 965 dehinc
1012 883 1210 965 recedens
1243 882 1453 965 ciuitatem
1488 885 1690 966 Auersam

205 1006 463 1110 obsedit,
497 1034 579 1113 que
611 1006 747 1088 adbuc
781 1008 821 1089 in
856 1007 981 1089 imnis
1014 1034 1096 1086 non
1131 1006 1691 1115 erattotaliterconsumpta,

202 1129 353 1211 sed
396 1129 448 1210 de
481 1130 547 1209 die
580 1129 621 1210 in
656 1129 764 1210 diem
799 1157 873 1236 per
904 1129 1166 1210 defendicula
1200 1128 1457 1233 ingeniorum
1477 1143 1691 1210 construe·

205 1251 434 1351 batur,
485 1252 609 1333 etad
641 1252 936 1359 perfectionem
972 1251 1265 1331 deducebatur.
1312 1250 1388 1331 Ubi
1428 1252 1691 1358 capitaneum

196 1374 496 1455 exercitus
528 1374 744 1456 Nicolaum
780 1373 934 1475 Kontb,
969 1374 1100 1454 virum
1137 1371 1175 1452 in
1211 1372 1388 1480 consilys
1422 1373 1692 1480 prudentissi-

200 1519 406 1575 mum
455 1510 592 1577 amoto
640 1495 851 1603 Stephano
899 1496 1090 1604 voyuoda
1139 1495 1318 1601 prefecit.
1368 1493 1486 1589 lirrod
1535 1498 1691 1577 tactum

200 1618 430 1700 multis
463 1617 691 1726 displicuit,
725 1634 767 1699 ct
799 1619 935 1725 ipsum
968 1617 1224 1724 Stephanum
1260 1618 1493 1725 vcyuodam
1521 1645 1691 1699 exacer-

203 1731 417 1842 bault,
452 1766 500 1821 ac
532 1766 772 1848 processum
807 1741 1070 1845 negociorum
1094 1740 1199 1845 regis
1226 1739 1401 1822 multum
1420 1739 1688 1848 perturbauit.

199 1849 395 1942 Curn
430 1876 570 1943 autem
603 1890 677 1942 rex
711 1863 842 1970 ipsam
877 1890 972 1944 cum
1006 1888 1081 1944 suo
1114 1863 1300 1942 exercitu
1343 1889 1583 1970 expugnare
1625 1889 1692 1942 ce·

201 1976 440 2086 pisse,
491 2001 531 2065 et
563 2012 607 2067 se
640 1985 692 2066 ad
726 2012 906 2092 pugnam
941 1985 1195 2090 ingessisset,
1246 1985 1392 2088 sagitta
1434 1985 1610 2067 halestre
1652 1985 1693 2064 iu

200 2104 398 2196 pede
431 2107 509 2188 fuit
540 2107 716 2188 letaliter
747 2109 1002 2209 vulneratus,
1037 2119 1078 2186 et
1110 2107 1178 2185 vix
1214 2106 1354 2188 diuino
1387 2109 1515 2189 tretus
1538 2106 1693 2188 auxilio

200 2230 281 2295 et
358 2229 619 2310 medicorum
656 2256 753 2310 cura
786 2244 959 2309 mortem
995 2228 1136 2309 euasit.
1175 2226 1349 2308 Dmauit
1376 2245 1515 2309 antem
1535 2229 1693 2311 obsidio

199 2337 470 2433 ciuitatis
504 2353 610 2433 bene
643 2378 717 2458 per
733 2364 814 2433 tres
849 2377 1023 2451 menses,
1045 2366 1085 2431 et
1118 2349 1283 2429 cottidie
1316 2351 1460 2431 arrrrati
1511 2351 1693 2433 entonici

197 2464 439 2555 soldatj
473 2474 667 2555 Lodouici
711 2474 762 2555 de
794 2475 989 2575 Tarento,
1033 2473 1083 2551 de
1117 2472 1283 2553 ciuitate
1316 2472 1525 2580 inopinate
1559 2490 1600 2555 et
1634 2501 1694 2554 re·

195 2597 418 2677 Pente
451 2611 655 2678 exeuntes
688 2612 730 2676 ct
762 2596 960 2678 insultum
994 2594 1190 2675 facientes
1225 2622 1320 2675 curn
1353 2597 1545 2700 gentibus
1589 2595 1693 2702 regis

199 2706 513 2800 teutonicis
548 2731 588 2799 et
621 2718 814 2823 hungaris
847 2743 1030 2825 pugnam
1079 2717 1414 2819 committebant,
1463 2734 1504 2799 et
1553 2718 1692 2800 multis

194 2839 308 2906 ex
381 2856 557 2948 utraque
590 2856 705 2947 parte
738 2840 963 2922 vulneratis
997 2839 1139 2920 iterato
1168 2839 1218 2919 ad
1238 2840 1448 2920 ciuitatem
1466 2842 1690 2946 fugiebant.

192 2932 386 3042 Qua
417 2963 630 3045 obsidione
664 2963 837 3043 durante
871 2961 1065 3042 victualia
1098 2962 1138 3040 in
1172 2962 1337 3042 ciuitate
1370 2962 1619 3064 defecerant,
1655 2977 1695 3041 et

191 3077 462 3192 Propter
492 3085 613 3166 fantis
658 3084 836 3165 inediam
882 3083 999 3163 multi
1043 3083 1230 3165 homines
1279 3084 1597 3191 expellebantur
1643 3084 1695 3163 de

192 3200 358 3281 ead
371 3235 454 3307 em,
488 3221 529 3288 et
561 3234 635 3314 per
668 3207 896 3287 exercitum
916 3205 1198 3312 capiebantur.
1233 3205 1693 3313 Propterquodsoldati

189 3303 466 3411 ulterius
513 3329 660 3410 durare
708 3355 792 3409 nou
834 3328 1020 3408 valentes
1061 3327 1272 3410 ciuitatem
1314 3355 1398 3409 una
1434 3357 1529 3412 curn
1564 3340 1695 3410 castro

187 3414 535 3551 fortissimo,
576 3451 616 3532 in
650 3477 733 3558 quo
768 3466 854 3531 erat
887 3449 1127 3557 capitaneus
1161 3464 1201 3529 et
1234 3451 1483 3534 castellanus
1514 3451 1697 3532 dacobus

186 3535 298 3628 de
379 3573 613 3681 Pinatarys,
655 3574 733 3654 sub
767 3586 887 3678 pacto
921 3572 1150 3654 securitatis
1183 3598 1452 3679 personarum
1486 3588 1527 3654 et
1559 3601 1696 3655 rerum

186 3677 462 3798 S{la-rum
497 3695 719 3776 restituunt
755 3713 795 3774 ct
835 3695 1027 3775 dominus
1067 3722 1141 3774 rex
1186 3710 1366 3776 castrum
1409 3710 1449 3778 et
1490 3695 1698 3778 exercitus

185 3799 509 3904 ,Clllitatem
543 3817 713 3922 ingressi
750 3831 857 3897 sunt.
906 3816 953 3896 lu
995 3842 1078 3922 quo
1118 3817 1208 3897 loco
1253 3819 1403 3901 multas
1445 3818 1696 3928 donaciones

187 3918 270 3989 ¹¹¹
356 3939 714 4047 possessionibus,
751 3938 972 4020 [turonibus
1006 3938 1204 4021 militibus
1238 3958 1278 4020 et
1310 3941 1518 4023 nobilibus
1551 3967 1694 4022 secum

188 4040 571 4145 existentibus
606 4061 645 4142 in
679 4087 803 4167 regno
836 4060 1045 4165 Hungarie
1078 4061 1174 4141 fecit
1208 4079 1248 4142 et
1281 4063 1549 4145 continuauit.
1583 4060 1694 4156 Quo·

190 4158 389 4265 rum
421 4184 623 4290 agilitates
656 4201 696 4264 et
728 4183 903 4264 seruicia
936 4183 977 4262 iu
1010 4182 1135 4264 literis
1183 4184 1460 4266 donacionum
1494 4185 1551 4266 eis
1594 4209 1694 4263 con·

194 4283 506 4388 CesSarum
548 4320 800 4386 enarrantur.
849 4304 1035 4385 'landem
1080 4331 1193 4385 mora
1234 4322 1437 4413 protracta
1477 4306 1516 4386 in
1560 4321 1693 4386 castro

198 4399 357 4499 *QX
403 4429 511 4509 bene
544 4428 863 4528 concalescens,
911 4442 1153 4534 recuperata
1196 4429 1369 4509 sanitate
1412 4428 1610 4510 audacem
1658 4443 1698 4506 et

209 4496 541 4631 bellicosum
575 4550 707 4631 virum
743 4549 952 4630 Andream
985 4550 1218 4657 voyuodam
1251 4550 1382 4632 filium
1415 4550 1553 4631 Lachk
1587 4550 1698 4655 capi·

221 4634 468 4789 lapeum
500 4673 735 4778 generalem
769 4672 808 4752 in
844 4695 985 4777 regn0;
1035 4670 1251 4754 Nicolaum
1294 4669 1480 4780 brugun
1529 4672 1696 4753 fratrem

239 4745 499 4878 xillhelrni
529 4794 700 4906 palatini
733 4793 997 4904 capitaneum
1030 4794 1207 4880 ciuitatis
1239 4794 1413 4880 Sallenti
1421 4828 1435 4900 ,-
1457 4811 1498 4880 et
1528 4795 1697 4879 fratrem

1563 4946 1599 5003 aa
