3660 5506
804 328 962 435 ‘op-—

46 545 401 640 consilium
438 542 563 656 (47b)
585 560 627 630 et
658 547 937 656 dissipabitur,
969 543 1187 654 loquimini
1219 543 1395 624 verbum
1429 551 1470 621 et
1501 564 1586 620 non

44 682 264 764 fiet.
298 667 439 750 Creuit
467 688 618 758 autem
630 666 660 778 ¹)
708 698 813 779 puer
854 697 977 753 cecus
1018 678 1215 775 regnante
1241 663 1468 772 'Stephano
1500 660 1584 743 filio

43 789 288 902 regis
321 789 577 897 Colomanni‚
598 805 640 874 et
667 810 829 876 mortuo
852 795 941 902 ipso
960 803 1180 874 coronatur
1197 799 1342 896 quarto
1374 785 1584 867 Kalendas

46 920 276 1023 May
309 913 412 995 feria
442 916 578 999 tercia.
604 915 655 997 Et
686 917 830 1023 genuit
854 930 1031 1024 quatuor
1061 913 1179 1016 filios,
1201 910 1358 992 scilicet
1390 909 1583 1017 Geysam,

49 1035 433 1138 Ladizlaum,
466 1035 725 1146 Stephanum
760 1052 801 1120 et
833 1038 994 1120 Almus.
1030 1035 1122 1132 Quo
1164 1047 1362 1139 regnante
1400 1023 1582 1139 regina&

52 1157 323 1248 habito
367 1159 536 1243 consilio
577 1162 683 1267 regis
716 1174 758 1241 et
798 1162 1001 1243 baronum
1041 1156 1239 1259 fidelium,
1272 1155 1371 1236 fecit
1411 1180 1581 1260 congre·

58 1311 158 1392 ga
172 1282 398 1363 cionem
437 1283 672 1388 generalem
706 1284 748 1364 in
780 1310 907 1390 regno
939 1282 1059 1365 iuxta
1095 1279 1218 1361 Arad.
1254 1277 1331 1359 Illa
1361 1276 1484 1384 igitur
1515 1277 1582 1359 die

62 1407 290 1488 dicte
324 1406 669 1511 congregacionis
688 1407 789 1488 duur
812 1433 885 1487 rex
919 1405 1093 1487 sedisset
1124 1428 1252 1509 super
1282 1400 1433 1484 solium
1465 1400 1581 1506 regni

65 1529 237 1628 sui,
299 1528 414 1608 venit
454 1528 595 1633 regina
637 1557 731 1609 curn
776 1529 865 1638 filys
907 1528 1005 1627 suis,
1050 1540 1090 1606 et
1130 1524 1236 1606 sedit
1277 1524 1385 1603 circa
1423 1548 1577 1628 regem.

70 1649 299 1731 Dixit
331 1662 468 1731 autem
504 1652 554 1731 ad
595 1651 798 1759 populum
840 1651 1107 1732 uniuersum:
1141 1646 1297 1729 Omnes
1329 1645 1472 1727 fideles
1505 1673 1579 1727 no·

72 1769 284 1854 biles
317 1799 437 1855 senes
478 1790 519 1853 et
562 1774 736 1856 iuuenes
773 1773 923 1854 diuites
965 1799 1013 1853 ac
1044 1796 1250 1878 pauperes
1284 1767 1434 1851 audite.
1471 1767 1578 1851 Cum

78 1893 407 2001 unicuique
439 1909 621 1977 vestrum
657 1895 770 1977 Deus
795 1896 996 1978 visionem
1030 1893 1190 1973 dederit
1221 1891 1465 1994 naturalem,
1483 1892 1578 1973 volo

81 2015 321 2098 audire
340 2044 414 2097 cur
445 2019 637 2101 dominus
670 2031 807 2100 vester
832 2045 904 2098 rex
939 2017 1024 2100 suis
1058 2014 1187 2097 oculis
1220 2015 1272 2095 sit
1304 2014 1503 2121 priuatus,
1537 2029 1579 2095 et

85 2156 356 2234 quorum
391 2141 559 2223 consilio
592 2141 670 2221 boc
702 2141 754 2223 sit
784 2155 937 2241 actum,
973 2138 1094 2219 modo
1136 2136 1237 2218 mihi
1268 2135 1494 2244 propalate,
1537 2150 1578 2218 et

90 2275 219 2335 eos
282 2261 458 2343 fideliter
488 2263 530 2342 iu
564 2263 641 2343 hoc
674 2265 763 2344 loco
790 2262 1060 2365 vindicantes,
1080 2260 1199 2345 nobis
1233 2262 1284 2343 de
1317 2264 1417 2372 ipsis
1449 2265 1575 2348 linem

97 2372 285 2504 dfstte.
322 2382 429 2465 Ecce
462 2385 572 2465 enim
605 2385 708 2469 deus
741 2386 824 2491 regi
860 2395 993 2467 vestro
1035 2411 1108 2492 pro
1142 2384 1306 2469 duobus
1340 2388 1470 2472 oculis
1504 2392 1576 2472 de·

102 2492 193 2573 dut
268 2520 460 2614 quatuor.
492 2508 618 2588 Facta
661 2509 781 2613 igitur
821 2507 899 2588 hac
932 2533 1034 2588 voce
1077 2507 1194 2588 irruit
1226 2510 1360 2592 omnis
1394 2514 1575 2620 populus

107 2629 425 2722 superinos
459 2631 644 2732 barones,
663 2657 840 2738 quorum
874 2629 1043 2711 consilio
1066 2656 1138 2709 rex
1173 2630 1307 2712 luerat
1339 2634 1573 2741 obcecatuS,

114 2741 159 2810 θῑ
221 2752 452 2857 quosdam
486 2753 663 2860 deipsis
706 2752 949 2857 ligauerunt,
984 2751 1186 2858 quosdam
1223 2780 1319 2836 vero
1353 2756 1575 2840 detrunca-

119 2879 337 2987 lffl'unt.
369 2871 593 2979 Sexaginta
625 2890 766 2956 autern
801 2887 842 2954 et
858 2887 950 2954 octo
970 2874 1206 2982 proplranos
1239 2876 1394 2958 ibidem
1428 2881 1574 2962 crude·

123 2974 256 3067 lter
305 2995 558 3099 occiderunt,
603 3012 644 3079 ct
689 3023 834 3078 omnes
875 3022 1136 3080 successores
1180 3025 1322 3080 eorum
1366 3016 1451 3081 tam
1498 3003 1575 3084 viri

131 3119 297 3229 {luam
334 3118 529 3200 mulieres
562 3121 709 3200 eodem
744 3118 809 3199 die
842 3132 939 3201 sunt
982 3120 1195 3224 registrati.
1230 3122 1406 3230 Insuper
1439 3126 1572 3209 omnis

133 3214 335 3322 Illorum
365 3242 570 3348 possessio
604 3242 788 3350 ecclesys
821 3240 1127 3324 cathedralibus
1161 3257 1223 3325 est
1256 3244 1399 3327 diuisa.
1429 3246 1481 3328 Et
1512 3249 1571 3331 sic

137 3360 316 3444 Omnes
334 3363 431 3444 ville
465 3359 810 3470 condicionales3)
829 3363 1079 3445 donaciones
1113 3391 1258 3470 regum
1291 3368 1567 3455 nominantur.

140 3451 375 3581 Regnauit
420 3480 604 3593 autern⁴)
651 3481 780 3593 ipse⁵)
822 3485 923 3566 Bela
964 3480 1130 3593 cecusl)
1172 3487 1289 3568 annis
1331 3516 1485 3572 nouem
1531 3506 1573 3575 et

136 3602 383 3690 mensibus
417 3607 488 3710 XI,
523 3620 564 3688 et
596 3608 743 3691 diebus
777 3607 1009 3708 duodecim,
1036 3620 1078 3687 et
1109 3609 1188 3690 fuit
1219 3610 1313 3718 pius
1346 3640 1434 3694 rex.
1468 3613 1569 3721 Mig-

134 3721 270 3835 nuit
305 3744 446 3810 autem
481 3731 533 3810 ad
576 3729 790 3812 dominum
835 3755 943 3810 anno
977 3729 1134 3812 domini
1175 3732 1395 3817 millesimo
1429 3750 1569 3818 cente-

132 3842 266 3927 lullo
303 3851 620 3958 quadragesimo
659 3853 791 3960 primo
826 3850 930 3958 ydus
942 3847 971 3958 ⁷)
1015 3852 1226 3962 February
1266 3856 1368 3938 feria
1410 3859 1565 3966 quinta.

132 3937 293 4056 Cuius
330 3999 480 4081 corpus
514 3973 621 4056 Albe
657 3972 844 4082 quiescit.

131 4143 373 4188 X—

137 4297 148 4335 r
196 4312 208 4326 ,
326 4227 505 4326 'litaque
546 4228 572 4312 ²)
596 4235 712 4308 Elena.
742 4235 782 4308 Α.
810 4235 890 4310 VP.
920 4236 1065 4313 Helena.
1087 4236 1120 4311 S.
1150 4233 1178 4318 ⁸)
1202 4238 1243 4312 de
1270 4240 1460 4336 Hungaria.
1491 4242 1567 4316 add.

149 4302 161 4385 l
192 4330 334 4418 lgitur.
366 4331 393 4417 ⁶)
421 4360 486 4411 om.
516 4337 562 4413 V.
595 4335 620 4421 ⁸)
649 4363 713 4415 om.
744 4338 785 4414 Α.
817 4334 843 4421 ⁷)
870 4342 1002 4436 ydibus.
1023 4345 1064 4418 B.
