3592 5490
851 198 1006 298 Ἠ,

231 415 426 498 Videutes
460 432 598 497 autem
629 417 740 524 ipsos
769 415 943 497 Cinna-ni
971 413 1126 521 optime
1161 427 1413 520 personatus
1447 414 1628 498 arbitrati

224 554 327 619 sunt
359 552 404 619 ut
437 564 579 619 eorum
614 554 763 619 terram
798 537 1067 618 aduenissent
1094 536 1322 642 explorare.
1351 536 1402 616 Et
1427 537 1502 618 nisi
1531 563 1627 645 eap-

223 661 339 742 tiuns
373 655 621 766 hungaros)
665 661 753 741 idos
788 660 1062 763 eogrronisset,
1099 685 1242 738 reuera
1275 658 1533 740 ‹recidissent
1577 660 1628 741 Et

226 783 287 863 sie
322 782 585 889 postmodum
628 783 766 889 aliquo
808 798 992 888 tempore
1037 782 1146 886 ipsos
1190 793 1422 861 temrerunt.
1462 781 1652 863 Abhinc·

226 918 375 1011 postea
393 904 440 997 jn
468 904 658 985 Ruseiam
686 921 783 985 srrut
812 905 993 1010 pratfeeti.
1018 904 1073 996 lto
1096 914 1282 1008 tempore
1317 902 1484 1008 quidam
1511 930 1625 1010 mag-

226 1037 349 1107 nates
383 1025 591 1130 liungarie
624 1026 929 1108 desolationem
960 1026 1070 1127 regni
1097 1036 1322 1128 gementes,
1352 1037 1393 1104 et
1418 1025 1625 1106 liberatio·

224 1175 325 1229 nem
359 1142 590 1253 eiusdem²)
626 1176 650 1228 a
685 1148 887 1228 tirannide
925 1147 1029 1227 Petri
1067 1147 1282 1251 rapientes
1315 1145 1449 1226 Errdre
1483 1144 1623 1255 Bele³)

224 1283 268 1349 et
305 1270 503 1371 Leuente,
548 1271 617 1376 qui
661 1271 713 1350 de
755 1297 904 1372 genere
947 1269 1075 1349 sumti
1119 1268 1316 1374 Stephani
1360 1268 1465 1373 regis
1506 1284 1622 1350 erant

224 1385 471 1499 progeniti⁴)
515 1392 798 1484 intemeratam
844 1392 1081 1471 fidelitatem
1127 1390 1361 1490 seruabant,
1391 1401 1432 1469 et
1457 1390 1516 1471 eis
1550 1419 1623 1498 per

222 1513 401 1595 nuncios
438 1514 549 1594 bona
582 1540 664 1620 que
715 1514 865 1593 trabere
899 1527 1088 1619 poterant
1130 1511 1329 1591 nrittendo
1368 1512 1616 1594 seruiebarrt.

220 1634 352 1716 Erant
382 1649 522 1716 autem
557 1635 619 1716 isti
660 1651 872 1739 magnates
908 1632 1069 1739 Visea⁵)
1110 1629 1238 1738 troad)
1273 1647 1314 1713 et
1349 1630 1546 1741 Bonna),
1580 1651 1621 1716 et

219 1757 291 1864 aly
319 1756 544 1837 eorundem
579 1758 739 1862 cognati
768 1757 835 1863 qni
871 1783 1035 1863 semper
1068 1785 1161 1836 eum
1197 1755 1380 1861 suspirys
1399 1770 1439 1834 et
1460 1757 1620 1860 gemiti·

220 1879 304 1960 bus
347 1880 628 1986 expectabant
674 1893 923 1985 oportunum
975 1894 1150 1985 tempus,
1199 1877 1365 1982 arraudo
1412 1878 1617 1959 andream

219 2000 365 2080 Belarn
404 2014 446 2080 et
487 1996 712 2107 Leuente⁸)
756 2015 924 2108 possent
966 2001 1162 2082 redueere
1201 1999 1239 2078 in
1279 1997 1546 2102 Hungariam,
1579 2017 1621 2082 et

218 2149 395 2228 regnum
429 2122 568 2227 generi
600 2123 729 2203 saneti
765 2121 961 2229 Stephani
995 2123 1112 2226 regis,
1146 2122 1215 2227 qni
1251 2147 1321 2199 eos
1349 2121 1552 2202 dilexerat
1578 2137 1619 2204 et

218 2238 491 2347 exaltanerat,
539 2245 731 2327 onmibns
781 2245 934 2325 ririlms
975 2245 1060 2324 suis
1101 2242 1314 2323 restituere
1362 2243 1614 2327 laborabant.

216 2365 365 2447 Petrus
393 2392 491 2448 vero
518 2393 590 2445 rex
619 2394 692 2474 per
719 2380 963 2473 potestatem
998 2366 1102 2470 regis
1135 2364 1438 2445 teutonicorum
1472 2366 1616 2467 elatus,

216 2513 304 2568 non
336 2489 419 2568 iam
451 2491 661 2593 regnabat,
697 2488 772 2583 ⁴sed
820 2488 963 2594 poeius
1005 2486 1219 2567 tirannidis
1261 2514 1335 2567 sue
1376 2488 1617 2570 erudelitate

216 2610 473 2715 Hungariam
504 2610 773 2717 deprimendo
801 2609 1046 2711 dargeilabat.
1075 2608 1331 2703 Quiiursdam
1355 2622 1495 2689 autem
1527 2639 1617 2718 per·

217 2731 311 2811 fidis
354 2732 470 2813 Buda
520 2732 678 2813 scilieet
717 2747 758 2812 et
802 2731 1019 2812 Deueoirer
1059 2726 1416 2837 suggerentibus&
1459 2734 1618 2816 audiuit

221 2851 387 2954 PetruS,
421 2854 531 2960 quod
567 2854 737 2960 predicti
774 2854 932 2933 nobiles
972 2847 1243 2958 Hrmgarie¹⁰)
1279 2851 1419 2932 Visea,
1449 2854 1534 2934 troo
1577 2875 1618 2939 et

220 2970 441 3082 Buhua¹¹),
479 2988 692 3056 eteorum
733 2977 892 3080 cognati
940 2976 1175 3080 eogitalumt
1223 2975 1397 3079 ‹praliter
1444 3004 1614 3080 regnum

224 3097 325 3201 regio
360 3098 507 3179 semini
543 3111 713 3204 possent
748 3098 973 3196 restituere,
1002 3113 1042 3177 et
1072 3097 1279 3176 studeam
1321 3096 1458 3177 Belam
1491 3116 1616 3207 atque

224 3213 466 3324 Leuente¹²)
508 3235 650 3299 eontra
689 3219 855 3300 Petrum
910 3247 1045 3323 regem
1097 3220 1134 3297 in
1185 3245 1355 3322 reguum
1407 3219 1614 3304 reducere.

222 3335 461 3447 Ideoque¹³)
495 3341 638 3421 Petrus
665 3336 803 3446 ΜΗ)
830 3341 1064 3421 vehementi
1093 3342 1228 3421 surore
1255 3367 1492 3446 suooerrsus,
1519 3346 1615 3451 feeit

217 3484 287 3542 eos
303 3461 611 3569 comprehendi,
631 3477 671 3542 et
688 3463 727 3542 in
748 3463 881 3542 eeulio
896 3459 945 3567 ¹)
964 3489 1188 3569 suspensos
1205 3462 1388 3544 interfici.
1404 3463 1613 3557 Qirosdam

204 3595 353 3664 autem
373 3584 530 3666 eflirssis
548 3584 678 3664 oeulis
694 3586 945 3682 tormentari,
985 3600 1025 3663 et
1063 3598 1189 3664 totam
1232 3584 1484 3689 Hnngariam
1530 3603 1612 3670 tam

194 3705 374 3810 magnis
407 3704 554 3785 afflixit
585 3720 782 3812 angustys
804 3722 849 3785 nt
877 3707 1004 3810 magis
1039 3707 1236 3810 eligerent
1263 3707 1381 3807 mori,
1416 3736 1541 3814 quam
1560 3712 1615 3793 ita

178 3819 503 3909 miserabiliter
529 3826 681 3909 viuere.
712 3828 830 3908 'l'uuo
863 3829 1021 3909 nobiles
1052 3827 1259 3933 Huugarie
1292 3829 1479 3913 videntes
1506 3834 1615 3915 moda

174 3949 344 4041 sentis
377 3975 452 4030 sue
482 3948 522 4028 in
561 3947 753 4030 Chauaad
788 3949 828 4029 in
865 3978 994 4029 unum
1029 3965 1326 4051 conuenerunt,
1360 3954 1614 4062 consilioque

372 4270 397 4351 ¹1
421 4275 610 4370 hungarus.
647 4278 689 4350 Β.
719 4278 796 4350 ΥΡ.
820 4276 857 4354 S.
891 4273 917 4357 ²}
941 4278 1131 4373 Huagarie.
1163 4276 1189 4359 ³)
1213 4283 1309 4355 Belo.
1349 4285 1389 4358 B.
1420 4282 1447 4359 ⁴)
1473 4286 1508 4359 S.
1539 4298 1610 4380 reg.

175 4364 332 4465 tsspu
360 4380 402 4452 B.
432 4379 603 4474 progeniti
633 4386 741 4454 erant.
773 4383 841 4455 VP.
873 4384 908 4455 S.
940 4377 967 4464 ὁ)
991 4384 1123 4456 Voisea.
1155 4384 1192 4459 S.
1220 4381 1247 4467 6)
1271 4388 1378 4461 Bada.
1409 4390 1449 4461 V.
1482 4384 1508 4470 ²)
1532 4391 1609 4465 dod.

174 4465 323 4555 'Ulla
357 4478 386 4558 ⁸)
410 4485 591 4558 leuentam.
632 4480 658 4559 ⁹)
683 4486 955 4580 suppetentibus.
996 4487 1033 4562 S.
1068 4484 1108 4568 ¹⁰)
1138 4489 1279 4564 scilieet.
1310 4492 1386 4565 add.
1427 4490 1467 4574 ¹¹)
1500 4496 1609 4567 Buba.

177 4566 268 4647 '¹¹-
317 4587 472 4663 Budma.
503 4589 538 4661 S.
573 4584 613 4664 ¹²)
641 4590 824 4663 leuentam.
858 4587 898 4670 ¹³)
917 4614 982 4663 one
1013 4591 1160 4666 iuterim.
1186 4596 1232 4670 V.
1272 4590 1312 4679 Ν)
1340 4620 1430 4670 roro.
1464 4592 1504 4680 ¹⁶)
1534 4620 1609 4672 eou-

174 4683 340 4773 ⁵0qne.
