<?xml version="1.0" encoding="UTF-8"?>
<!DOCTYPE html PUBLIC "-//W3C//DTD XHTML 1.0 Transitional//EN"
    "http://www.w3.org/TR/xhtml1/DTD/xhtml1-transitional.dtd">
<html xmlns="http://www.w3.org/1999/xhtml" xml:lang="en" lang="en">
 <head>
  <title>
</title>
<meta http-equiv="Content-Type" content="text/html;charset=utf-8" />
  <meta name='ocr-system' content='tesseract 3.04.00' />
  <meta name='ocr-capabilities' content='ocr_page ocr_carea ocr_par ocr_line ocrx_word'/>
</head>
<body>
  <div class='ocr_page' id='page_1' title='image "./chronicondubnic00florgoog_0060.png"; bbox 0 0 3592 5490; ppageno 0'>
   <div class='ocr_carea' id='block_1_1' title="bbox 836 411 878 477">
    <p class='ocr_par' dir='ltr' id='par_1_1' title="bbox 836 411 878 477">
     <span class='ocr_line' id='line_1_1' title="bbox 836 411 878 477; baseline 0.024 -1"><span class='ocrx_word' id='word_1_1' title='bbox 836 411 878 477; x_wconf 79' lang='lat'>45</span> 
     </span>
    </p>
   </div>
   <div class='ocr_carea' id='block_1_2' title="bbox 155 625 1566 3299">
    <p class='ocr_par' dir='ltr' id='par_1_2' title="bbox 155 625 1566 3299">
     <span class='ocr_line' id='line_1_2' title="bbox 155 625 1564 739; baseline -0.001 -26"><span class='ocrx_word' id='word_1_2' title='bbox 155 656 255 713; x_wconf 92' lang='lat' dir='ltr'>auro</span> <span class='ocrx_word' id='word_1_3' title='bbox 290 644 331 711; x_wconf 91' lang='lat' dir='ltr'>et</span> <span class='ocrx_word' id='word_1_4' title='bbox 367 627 543 736; x_wconf 86' lang='lat' dir='ltr'>gemmis</span> <span class='ocrx_word' id='word_1_5' title='bbox 585 655 634 709; x_wconf 89' lang='lat' dir='ltr'>ac</span> <span class='ocrx_word' id='word_1_6' title='bbox 677 625 1029 739; x_wconf 87' lang='lat' dir='ltr'>preciosissimis¹)</span> <span class='ocrx_word' id='word_1_7' title='bbox 1068 632 1275 739; x_wconf 83' lang='lat' dir='ltr'>lapidibus</span> <span class='ocrx_word' id='word_1_8' title='bbox 1317 631 1489 739; x_wconf 88' lang='lat' dir='ltr'>aceepit,</span> <span class='ocrx_word' id='word_1_9' title='bbox 1522 644 1564 725; x_wconf 84' lang='lat' dir='ltr'>et</span> 
     </span>
     <span class='ocr_line' id='line_1_3' title="bbox 156 752 1562 862; baseline 0.001 -28"><span class='ocrx_word' id='word_1_10' title='bbox 156 753 311 835; x_wconf 91' lang='lat' dir='ltr'>locauit</span> <span class='ocrx_word' id='word_1_11' title='bbox 343 752 398 834; x_wconf 93' lang='lat' dir='ltr'>ibi</span> <span class='ocrx_word' id='word_1_12' title='bbox 432 779 562 832; x_wconf 92' lang='lat' dir='ltr'>uuum</span> <span class='ocrx_word' id='word_1_13' title='bbox 599 776 801 858; x_wconf 92' lang='lat' dir='ltr'>proauum</span> <span class='ocrx_word' id='word_1_14' title='bbox 826 780 948 833; x_wconf 91' lang='lat' dir='ltr'>suum</span> <span class='ocrx_word' id='word_1_15' title='bbox 983 755 1149 835; x_wconf 91' lang='lat' dir='ltr'>nomine</span> <span class='ocrx_word' id='word_1_16' title='bbox 1182 754 1337 857; x_wconf 89' lang='lat' dir='ltr'>Zoltan‚</span> <span class='ocrx_word' id='word_1_17' title='bbox 1365 756 1437 862; x_wconf 90' lang='lat' dir='ltr'>qui</span> <span class='ocrx_word' id='word_1_18' title='bbox 1469 781 1562 862; x_wconf 89' lang='lat' dir='ltr'>pos·</span> 
     </span>
     <span class='ocr_line' id='line_1_4' title="bbox 159 873 1562 984; baseline 0 -27"><span class='ocrx_word' id='word_1_19' title='bbox 159 890 227 957; x_wconf 90' lang='lat' dir='ltr'>tea</span> <span class='ocrx_word' id='word_1_20' title='bbox 275 874 523 955; x_wconf 87' lang='lat' dir='ltr'>ltereditauit</span> <span class='ocrx_word' id='word_1_21' title='bbox 571 873 659 954; x_wconf 85' lang='lat' dir='ltr'>illas</span> <span class='ocrx_word' id='word_1_22' title='bbox 702 890 839 980; x_wconf 84' lang='lat' dir='ltr'>partes</span> <span class='ocrx_word' id='word_1_23' title='bbox 879 877 1334 984; x_wconf 80' lang='lat' dir='ltr'>tratis(2tlb)siluanas‚</span> <span class='ocrx_word' id='word_1_24' title='bbox 1383 891 1424 957; x_wconf 89' lang='lat' dir='ltr'>et</span> <span class='ocrx_word' id='word_1_25' title='bbox 1469 876 1562 957; x_wconf 88' lang='lat' dir='ltr'>ideo</span> 
     </span>
     <span class='ocr_line' id='line_1_5' title="bbox 157 991 1562 1107; baseline 0.001 -29"><span class='ocrx_word' id='word_1_26' title='bbox 157 991 419 1104; x_wconf 81' lang='lat' dir='ltr'>vulgariter·²)</span> <span class='ocrx_word' id='word_1_27' title='bbox 454 996 533 1077; x_wconf 90' lang='lat' dir='ltr'>dici</span> <span class='ocrx_word' id='word_1_28' title='bbox 566 995 671 1076; x_wconf 89' lang='lat' dir='ltr'>solet</span> <span class='ocrx_word' id='word_1_29' title='bbox 702 995 863 1076; x_wconf 82' lang='lat' dir='ltr'>Euleeli</span> <span class='ocrx_word' id='word_1_30' title='bbox 896 995 1093 1107; x_wconf 67' lang='lat' dir='ltr'>Zoltau3).</span> <span class='ocrx_word' id='word_1_31' title='bbox 1115 999 1212 1080; x_wconf 82' lang='lat' dir='ltr'>Erat</span> <span class='ocrx_word' id='word_1_32' title='bbox 1245 1000 1353 1079; x_wconf 92' lang='lat' dir='ltr'>enim</span> <span class='ocrx_word' id='word_1_33' title='bbox 1389 999 1456 1080; x_wconf 90' lang='lat' dir='ltr'>ille</span> <span class='ocrx_word' id='word_1_34' title='bbox 1490 1025 1562 1080; x_wconf 90' lang='lat' dir='ltr'>au·</span> 
     </span>
     <span class='ocr_line' id='line_1_6' title="bbox 157 1116 1562 1229; baseline -0.001 -27"><span class='ocrx_word' id='word_1_35' title='bbox 157 1121 427 1228; x_wconf 86' lang='lat' dir='ltr'>tiquissimus,</span> <span class='ocrx_word' id='word_1_36' title='bbox 461 1119 531 1226; x_wconf 91' lang='lat' dir='ltr'>qui</span> <span class='ocrx_word' id='word_1_37' title='bbox 565 1119 726 1199; x_wconf 80' lang='lat' dir='ltr'>vixerat</span> <span class='ocrx_word' id='word_1_38' title='bbox 760 1146 894 1225; x_wconf 90' lang='lat' dir='ltr'>usque</span> <span class='ocrx_word' id='word_1_39' title='bbox 937 1138 1124 1228; x_wconf 90' lang='lat' dir='ltr'>tempora</span> <span class='ocrx_word' id='word_1_40' title='bbox 1156 1122 1285 1204; x_wconf 85' lang='lat' dir='ltr'>sancti</span> <span class='ocrx_word' id='word_1_41' title='bbox 1320 1116 1562 1229; x_wconf 80' lang='lat' dir='ltr'>Stepharri⁴)</span> 
     </span>
     <span class='ocr_line' id='line_1_7' title="bbox 157 1241 1563 1352; baseline -0.001 -28"><span class='ocrx_word' id='word_1_42' title='bbox 157 1245 274 1349; x_wconf 85' lang='lat' dir='ltr'>regis,</span> <span class='ocrx_word' id='word_1_43' title='bbox 293 1259 335 1324; x_wconf 88' lang='lat' dir='ltr'>et</span> <span class='ocrx_word' id='word_1_44' title='bbox 366 1242 458 1323; x_wconf 90' lang='lat' dir='ltr'>ideo</span> <span class='ocrx_word' id='word_1_45' title='bbox 493 1241 622 1322; x_wconf 82' lang='lat' dir='ltr'>voluit</span> <span class='ocrx_word' id='word_1_46' title='bbox 655 1269 751 1321; x_wconf 93' lang='lat' dir='ltr'>eum</span> <span class='ocrx_word' id='word_1_47' title='bbox 786 1269 876 1324; x_wconf 85' lang='lat' dir='ltr'>esse</span> <span class='ocrx_word' id='word_1_48' title='bbox 910 1271 1036 1351; x_wconf 89' lang='lat' dir='ltr'>super</span> <span class='ocrx_word' id='word_1_49' title='bbox 1067 1258 1210 1348; x_wconf 80' lang='lat' dir='ltr'>gentes</span> <span class='ocrx_word' id='word_1_50' title='bbox 1243 1244 1473 1352; x_wconf 78' lang='lat' dir='ltr'>opulentas,</span> <span class='ocrx_word' id='word_1_51' title='bbox 1498 1243 1563 1324; x_wconf 83' lang='lat' dir='ltr'>Ex</span> 
     </span>
     <span class='ocr_line' id='line_1_8' title="bbox 157 1364 1563 1474; baseline -0.001 -28"><span class='ocrx_word' id='word_1_52' title='bbox 157 1366 234 1447; x_wconf 90' lang='lat' dir='ltr'>bac</span> <span class='ocrx_word' id='word_1_53' title='bbox 269 1365 407 1472; x_wconf 88' lang='lat' dir='ltr'>itaque</span> <span class='ocrx_word' id='word_1_54' title='bbox 441 1390 538 1468; x_wconf 72' lang='lat' dir='ltr'>gaza</span> <span class='ocrx_word' id='word_1_55' title='bbox 576 1364 794 1470; x_wconf 69' lang='lat' dir='ltr'>multiplici</span> <span class='ocrx_word' id='word_1_56' title='bbox 839 1379 1008 1449; x_wconf 89' lang='lat' dir='ltr'>sauctus</span> <span class='ocrx_word' id='word_1_57' title='bbox 1050 1394 1121 1446; x_wconf 85' lang='lat' dir='ltr'>rex</span> <span class='ocrx_word' id='word_1_58' title='bbox 1166 1366 1403 1474; x_wconf 81' lang='lat' dir='ltr'>Stephanus</span> <span class='ocrx_word' id='word_1_59' title='bbox 1436 1366 1563 1472; x_wconf 92' lang='lat' dir='ltr'>pluri-</span> 
     </span>
     <span class='ocr_line' id='line_1_9' title="bbox 160 1487 1563 1596; baseline -0.001 -27"><span class='ocrx_word' id='word_1_60' title='bbox 160 1517 274 1569; x_wconf 92' lang='lat' dir='ltr'>mum</span> <span class='ocrx_word' id='word_1_61' title='bbox 320 1487 609 1593; x_wconf 87' lang='lat' dir='ltr'>locupletatus,</span> <span class='ocrx_word' id='word_1_62' title='bbox 643 1487 870 1568; x_wconf 82' lang='lat' dir='ltr'>Albensem</span> <span class='ocrx_word' id='word_1_63' title='bbox 916 1490 1140 1589; x_wconf 80' lang='lat' dir='ltr'>basilicam,</span> <span class='ocrx_word' id='word_1_64' title='bbox 1174 1516 1299 1595; x_wconf 91' lang='lat' dir='ltr'>quam</span> <span class='ocrx_word' id='word_1_65' title='bbox 1344 1491 1431 1596; x_wconf 90' lang='lat' dir='ltr'>ipse</span> <span class='ocrx_word' id='word_1_66' title='bbox 1468 1489 1563 1568; x_wconf 85' lang='lat' dir='ltr'>fuu-</span> 
     </span>
     <span class='ocr_line' id='line_1_10' title="bbox 160 1608 1563 1719; baseline 0.001 -28"><span class='ocrx_word' id='word_1_67' title='bbox 160 1612 344 1712; x_wconf 87' lang='lat' dir='ltr'>dauerat,</span> <span class='ocrx_word' id='word_1_68' title='bbox 388 1609 524 1690; x_wconf 79' lang='lat' dir='ltr'>aureis</span> <span class='ocrx_word' id='word_1_69' title='bbox 569 1608 782 1710; x_wconf 85' lang='lat' dir='ltr'>altaribus,</span> <span class='ocrx_word' id='word_1_70' title='bbox 826 1611 1019 1693; x_wconf 75' lang='lat' dir='ltr'>crucibus</span> <span class='ocrx_word' id='word_1_71' title='bbox 1060 1638 1228 1719; x_wconf 89' lang='lat' dir='ltr'>quoque</span> <span class='ocrx_word' id='word_1_72' title='bbox 1271 1626 1312 1692; x_wconf 86' lang='lat' dir='ltr'>et</span> <span class='ocrx_word' id='word_1_73' title='bbox 1353 1611 1563 1710; x_wconf 72' lang='lat' dir='ltr'>calicibus</span> 
     </span>
     <span class='ocr_line' id='line_1_11' title="bbox 162 1729 1564 1840; baseline -0.001 -26"><span class='ocrx_word' id='word_1_74' title='bbox 162 1733 414 1814; x_wconf 90' lang='lat' dir='ltr'>indumentis</span> <span class='ocrx_word' id='word_1_75' title='bbox 449 1731 577 1813; x_wconf 87' lang='lat' dir='ltr'>eciam</span> <span class='ocrx_word' id='word_1_76' title='bbox 601 1731 905 1838; x_wconf 89' lang='lat' dir='ltr'>pontificalibus</span> <span class='ocrx_word' id='word_1_77' title='bbox 929 1760 1028 1815; x_wconf 89' lang='lat' dir='ltr'>auro</span> <span class='ocrx_word' id='word_1_78' title='bbox 1055 1734 1274 1840; x_wconf 91' lang='lat' dir='ltr'>purissimo</span> <span class='ocrx_word' id='word_1_79' title='bbox 1303 1729 1564 1839; x_wconf 81' lang='lat' dir='ltr'>contextis⁵)‚</span> 
     </span>
     <span class='ocr_line' id='line_1_12' title="bbox 161 1854 1565 1964; baseline -0.001 -27"><span class='ocrx_word' id='word_1_80' title='bbox 161 1872 202 1937; x_wconf 87' lang='lat' dir='ltr'>et</span> <span class='ocrx_word' id='word_1_81' title='bbox 245 1855 451 1961; x_wconf 82' lang='lat' dir='ltr'>lapidibus</span> <span class='ocrx_word' id='word_1_82' title='bbox 500 1854 810 1961; x_wconf 81' lang='lat' dir='ltr'>preciosissimis</span> <span class='ocrx_word' id='word_1_83' title='bbox 861 1856 1042 1964; x_wconf 87' lang='lat' dir='ltr'>copiauit</span> <span class='ocrx_word' id='word_1_84' title='bbox 1090 1869 1215 1962; x_wconf 83' lang='lat' dir='ltr'>atque</span> <span class='ocrx_word' id='word_1_85' title='bbox 1264 1857 1421 1937; x_wconf 88' lang='lat' dir='ltr'>ditauit.</span> <span class='ocrx_word' id='word_1_86' title='bbox 1455 1855 1565 1937; x_wconf 86' lang='lat' dir='ltr'>Vasa</span> 
     </span>
     <span class='ocr_line' id='line_1_13' title="bbox 161 1976 1563 2086; baseline -0.002 -27"><span class='ocrx_word' id='word_1_87' title='bbox 161 2004 329 2086; x_wconf 92' lang='lat' dir='ltr'>quoque</span> <span class='ocrx_word' id='word_1_88' title='bbox 362 1976 653 2058; x_wconf 78' lang='lat' dir='ltr'>ministratoria</span> <span class='ocrx_word' id='word_1_89' title='bbox 674 1991 714 2057; x_wconf 89' lang='lat' dir='ltr'>et</span> <span class='ocrx_word' id='word_1_90' title='bbox 737 1989 873 2058; x_wconf 84' lang='lat' dir='ltr'>cetera</span> <span class='ocrx_word' id='word_1_91' title='bbox 895 1978 1088 2060; x_wconf 81' lang='lat' dir='ltr'>utensilia</span> <span class='ocrx_word' id='word_1_92' title='bbox 1121 1979 1255 2059; x_wconf 87' lang='lat' dir='ltr'>eidem</span> <span class='ocrx_word' id='word_1_93' title='bbox 1290 1978 1458 2061; x_wconf 87' lang='lat' dir='ltr'>basilice</span> <span class='ocrx_word' id='word_1_94' title='bbox 1492 2004 1563 2057; x_wconf 90' lang='lat' dir='ltr'>ue-</span> 
     </span>
     <span class='ocr_line' id='line_1_14' title="bbox 162 2099 1564 2209; baseline -0.001 -29"><span class='ocrx_word' id='word_1_95' title='bbox 162 2100 348 2200; x_wconf 88' lang='lat' dir='ltr'>cessaria,</span> <span class='ocrx_word' id='word_1_96' title='bbox 382 2125 459 2178; x_wconf 86' lang='lat' dir='ltr'>nec</span> <span class='ocrx_word' id='word_1_97' title='bbox 492 2125 575 2179; x_wconf 90' lang='lat' dir='ltr'>non</span> <span class='ocrx_word' id='word_1_98' title='bbox 610 2112 651 2179; x_wconf 87' lang='lat' dir='ltr'>et</span> <span class='ocrx_word' id='word_1_99' title='bbox 683 2100 771 2206; x_wconf 85' lang='lat' dir='ltr'>alys</span> <span class='ocrx_word' id='word_1_100' title='bbox 805 2101 989 2209; x_wconf 87' lang='lat' dir='ltr'>ecclosys</span> <span class='ocrx_word' id='word_1_101' title='bbox 1022 2100 1073 2180; x_wconf 89' lang='lat' dir='ltr'>de</span> <span class='ocrx_word' id='word_1_102' title='bbox 1115 2101 1241 2206; x_wconf 85' lang='lat' dir='ltr'>regali</span> <span class='ocrx_word' id='word_1_103' title='bbox 1283 2100 1454 2181; x_wconf 88' lang='lat' dir='ltr'>donauit</span> <span class='ocrx_word' id='word_1_104' title='bbox 1486 2099 1564 2180; x_wconf 92' lang='lat' dir='ltr'>lar-</span> 
     </span>
     <span class='ocr_line' id='line_1_15' title="bbox 160 2216 1564 2328; baseline -0.001 -26"><span class='ocrx_word' id='word_1_105' title='bbox 160 2224 295 2328; x_wconf 85' lang='lat' dir='ltr'>gitate.</span> <span class='ocrx_word' id='word_1_106' title='bbox 318 2223 429 2302; x_wconf 90' lang='lat' dir='ltr'>luter</span> <span class='ocrx_word' id='word_1_107' title='bbox 451 2216 630 2327; x_wconf 76' lang='lat' dir='ltr'>cetera⁶)</span> <span class='ocrx_word' id='word_1_108' title='bbox 654 2221 767 2301; x_wconf 87' lang='lat' dir='ltr'>dedit</span> <span class='ocrx_word' id='word_1_109' title='bbox 799 2222 932 2303; x_wconf 87' lang='lat' dir='ltr'>eidem</span> <span class='ocrx_word' id='word_1_110' title='bbox 969 2224 1141 2304; x_wconf 82' lang='lat' dir='ltr'>Albensi</span> <span class='ocrx_word' id='word_1_111' title='bbox 1175 2223 1349 2304; x_wconf 87' lang='lat' dir='ltr'>ecclesie</span> <span class='ocrx_word' id='word_1_112' title='bbox 1384 2221 1564 2328; x_wconf 90' lang='lat' dir='ltr'>quedam</span> 
     </span>
     <span class='ocr_line' id='line_1_16' title="bbox 162 2343 1563 2450; baseline -0.003 -24"><span class='ocrx_word' id='word_1_113' title='bbox 162 2344 331 2426; x_wconf 91' lang='lat' dir='ltr'>donaria</span> <span class='ocrx_word' id='word_1_114' title='bbox 363 2344 614 2450; x_wconf 82' lang='lat' dir='ltr'>sernpiterue</span> <span class='ocrx_word' id='word_1_115' title='bbox 648 2346 845 2424; x_wconf 88' lang='lat' dir='ltr'>tnetnorie</span> <span class='ocrx_word' id='word_1_116' title='bbox 874 2346 1017 2450; x_wconf 74' lang='lat' dir='ltr'>digna:</span> <span class='ocrx_word' id='word_1_117' title='bbox 1040 2345 1122 2425; x_wconf 79' lang='lat' dir='ltr'>&lt;luo</span> <span class='ocrx_word' id='word_1_118' title='bbox 1156 2346 1312 2426; x_wconf 88' lang='lat' dir='ltr'>scilicet</span> <span class='ocrx_word' id='word_1_119' title='bbox 1331 2343 1563 2445; x_wconf 83' lang='lat' dir='ltr'>racioualia,</span> 
     </span>
     <span class='ocr_line' id='line_1_17' title="bbox 157 2465 1563 2574; baseline -0.003 -26"><span class='ocrx_word' id='word_1_120' title='bbox 157 2490 337 2574; x_wconf 76' lang='lat' dir='ltr'>&#39;quorum</span> <span class='ocrx_word' id='word_1_121' title='bbox 371 2481 596 2572; x_wconf 85' lang='lat' dir='ltr'>utrumque</span> <span class='ocrx_word' id='word_1_122' title='bbox 622 2465 800 2546; x_wconf 89' lang='lat' dir='ltr'>babebat</span> <span class='ocrx_word' id='word_1_123' title='bbox 832 2494 943 2547; x_wconf 89' lang='lat' dir='ltr'>oram</span> <span class='ocrx_word' id='word_1_124' title='bbox 980 2481 1217 2547; x_wconf 73' lang='lat' dir='ltr'>unmxtam</span> <span class='ocrx_word' id='word_1_125' title='bbox 1242 2466 1434 2547; x_wconf 80' lang='lat' dir='ltr'>LXXllll</span> <span class='ocrx_word' id='word_1_126' title='bbox 1456 2493 1563 2545; x_wconf 80' lang='lat' dir='ltr'>mru-</span> 
     </span>
     <span class='ocr_line' id='line_1_18' title="bbox 160 2588 1564 2696; baseline -0.001 -27"><span class='ocrx_word' id='word_1_127' title='bbox 160 2589 336 2671; x_wconf 89' lang='lat' dir='ltr'>cisami</span> <span class='ocrx_word' id='word_1_128' title='bbox 371 2589 590 2695; x_wconf 82' lang='lat' dir='ltr'>purissimi,</span> <span class='ocrx_word' id='word_1_129' title='bbox 626 2604 665 2666; x_wconf 87' lang='lat' dir='ltr'>ct</span> <span class='ocrx_word' id='word_1_130' title='bbox 698 2589 904 2694; x_wconf 83' lang='lat' dir='ltr'>lapidibus</span> <span class='ocrx_word' id='word_1_131' title='bbox 947 2589 1153 2696; x_wconf 83' lang='lat' dir='ltr'>preciosis,</span> <span class='ocrx_word' id='word_1_132' title='bbox 1188 2617 1269 2695; x_wconf 88' lang='lat' dir='ltr'>quc</span> <span class='ocrx_word' id='word_1_133' title='bbox 1304 2590 1450 2670; x_wconf 90' lang='lat' dir='ltr'>beatus</span> <span class='ocrx_word' id='word_1_134' title='bbox 1486 2588 1564 2667; x_wconf 88' lang='lat' dir='ltr'>Be-</span> 
     </span>
     <span class='ocr_line' id='line_1_19' title="bbox 161 2709 1564 2818; baseline -0.004 -26"><span class='ocrx_word' id='word_1_135' title='bbox 161 2713 350 2793; x_wconf 88' lang='lat' dir='ltr'>nedictus</span> <span class='ocrx_word' id='word_1_136' title='bbox 382 2725 523 2792; x_wconf 85' lang='lat' dir='ltr'>sancte</span> <span class='ocrx_word' id='word_1_137' title='bbox 557 2736 725 2789; x_wconf 85' lang='lat' dir='ltr'>rotmme</span> <span class='ocrx_word' id='word_1_138' title='bbox 760 2712 932 2792; x_wconf 83' lang='lat' dir='ltr'>ecclesie</span> <span class='ocrx_word' id='word_1_139' title='bbox 960 2712 1145 2818; x_wconf 77' lang='lat' dir='ltr'>pontifex</span> <span class='ocrx_word' id='word_1_140' title='bbox 1171 2712 1220 2791; x_wconf 89' lang='lat' dir='ltr'>ad</span> <span class='ocrx_word' id='word_1_141' title='bbox 1257 2738 1399 2817; x_wconf 86' lang='lat' dir='ltr'>preces</span> <span class='ocrx_word' id='word_1_142' title='bbox 1433 2709 1564 2791; x_wconf 87' lang='lat' dir='ltr'>sancti</span> 
     </span>
     <span class='ocr_line' id='line_1_20' title="bbox 158 2832 1566 2941; baseline -0.003 -26"><span class='ocrx_word' id='word_1_143' title='bbox 158 2833 357 2941; x_wconf 85' lang='lat' dir='ltr'>Stephani</span> <span class='ocrx_word' id='word_1_144' title='bbox 400 2834 518 2937; x_wconf 82' lang='lat' dir='ltr'>regis,</span> <span class='ocrx_word' id='word_1_145' title='bbox 552 2847 664 2912; x_wconf 86' lang='lat' dir='ltr'>tante</span> <span class='ocrx_word' id='word_1_146' title='bbox 710 2833 962 2913; x_wconf 87' lang='lat' dir='ltr'>auctoritatis</span> <span class='ocrx_word' id='word_1_147' title='bbox 1005 2834 1220 2941; x_wconf 76' lang='lat' dir='ltr'>priuilegio</span> <span class='ocrx_word' id='word_1_148' title='bbox 1264 2832 1485 2937; x_wconf 84' lang='lat' dir='ltr'>iusiguiuit,</span> <span class='ocrx_word' id='word_1_149' title='bbox 1518 2844 1566 2911; x_wconf 87' lang='lat' dir='ltr'>ut</span> 
     </span>
     <span class='ocr_line' id='line_1_21' title="bbox 159 2953 1564 3064; baseline -0.004 -26"><span class='ocrx_word' id='word_1_150' title='bbox 159 2957 401 3064; x_wconf 83' lang='lat' dir='ltr'>quicunque</span> <span class='ocrx_word' id='word_1_151' title='bbox 446 2956 484 3035; x_wconf 92' lang='lat' dir='ltr'>in</span> <span class='ocrx_word' id='word_1_152' title='bbox 528 2955 775 3036; x_wconf 84' lang='lat' dir='ltr'>celebrando</span> <span class='ocrx_word' id='word_1_153' title='bbox 820 2956 985 3037; x_wconf 86' lang='lat' dir='ltr'>missam</span> <span class='ocrx_word' id='word_1_154' title='bbox 1030 2956 1089 3036; x_wconf 84' lang='lat' dir='ltr'>cis</span> <span class='ocrx_word' id='word_1_155' title='bbox 1132 2970 1326 3054; x_wconf 81' lang='lat' dir='ltr'>uteretur,</span> <span class='ocrx_word' id='word_1_156' title='bbox 1366 2953 1564 3058; x_wconf 82' lang='lat' dir='ltr'>legittime</span> 
     </span>
     <span class='ocr_line' id='line_1_22' title="bbox 158 3077 1564 3186; baseline -0.002 -26"><span class='ocrx_word' id='word_1_157' title='bbox 158 3092 299 3186; x_wconf 88' lang='lat' dir='ltr'>posset</span> <span class='ocrx_word' id='word_1_158' title='bbox 330 3105 470 3182; x_wconf 84' lang='lat' dir='ltr'>regem</span> <span class='ocrx_word' id='word_1_159' title='bbox 506 3077 715 3182; x_wconf 76' lang='lat' dir='ltr'>inungere,</span> <span class='ocrx_word' id='word_1_160' title='bbox 750 3104 957 3178; x_wconf 86' lang='lat' dir='ltr'>coronare,</span> <span class='ocrx_word' id='word_1_161' title='bbox 992 3090 1033 3158; x_wconf 86' lang='lat' dir='ltr'>et</span> <span class='ocrx_word' id='word_1_162' title='bbox 1057 3078 1192 3182; x_wconf 77' lang='lat' dir='ltr'>gladio</span> <span class='ocrx_word' id='word_1_163' title='bbox 1218 3078 1446 3180; x_wconf 74' lang='lat' dir='ltr'>accingere.</span> <span class='ocrx_word' id='word_1_164' title='bbox 1478 3079 1564 3159; x_wconf 76' lang='lat' dir='ltr'>nto</span> 
     </span>
     <span class='ocr_line' id='line_1_23' title="bbox 158 3192 1566 3299; baseline -0.002 -23"><span class='ocrx_word' id='word_1_165' title='bbox 158 3202 349 3277; x_wconf 76' lang='lat' dir='ltr'>sanetus</span> <span class='ocrx_word' id='word_1_166' title='bbox 375 3193 656 3276; x_wconf 72' lang='lat' dir='ltr'>Benedictus</span> <span class='ocrx_word' id='word_1_167' title='bbox 682 3196 892 3299; x_wconf 78' lang='lat' dir='ltr'>pontifex</span> <span class='ocrx_word' id='word_1_168' title='bbox 910 3197 1109 3299; x_wconf 71' lang='lat' dir='ltr'>inunget</span> <span class='ocrx_word' id='word_1_169' title='bbox 1133 3200 1345 3275; x_wconf 76' lang='lat' dir='ltr'>sanetum</span> <span class='ocrx_word' id='word_1_170' title='bbox 1372 3192 1566 3298; x_wconf 75' lang='lat' dir='ltr'>Stepha-</span> 
     </span>
    </p>
   </div>
   <div class='ocr_carea' id='block_1_3' title="bbox 159 3303 1566 3534">
    <p class='ocr_par' dir='ltr' id='par_1_3' title="bbox 159 3303 1566 3534">
     <span class='ocr_line' id='line_1_24' title="bbox 159 3303 1566 3421; baseline -0.005 -22"><span class='ocrx_word' id='word_1_171' title='bbox 159 3341 272 3399; x_wconf 84' lang='lat' dir='ltr'>num</span> <span class='ocrx_word' id='word_1_172' title='bbox 299 3320 347 3398; x_wconf 81' lang='lat' dir='ltr'>tu</span> <span class='ocrx_word' id='word_1_173' title='bbox 375 3340 548 3421; x_wconf 71' lang='lat' dir='ltr'>regem,</span> <span class='ocrx_word' id='word_1_174' title='bbox 578 3323 624 3398; x_wconf 90' lang='lat' dir='ltr'>et</span> <span class='ocrx_word' id='word_1_175' title='bbox 646 3316 844 3398; x_wconf 77' lang='lat' dir='ltr'>barones</span> <span class='ocrx_word' id='word_1_176' title='bbox 876 3317 1125 3421; x_wconf 74' lang='lat' dir='ltr'>accingent</span> <span class='ocrx_word' id='word_1_177' title='bbox 1160 3315 1367 3421; x_wconf 64' lang='lat' dir='ltr'>gladio).</span> <span class='ocrx_word' id='word_1_178' title='bbox 1394 3303 1443 3383; x_wconf 79' lang='lat' dir='ltr'>Et</span> <span class='ocrx_word' id='word_1_179' title='bbox 1469 3304 1566 3410; x_wconf 79' lang='lat' dir='ltr'>quia</span> 
     </span>
     <span class='ocr_line' id='line_1_25' title="bbox 160 3422 1564 3534; baseline -0.003 -26"><span class='ocrx_word' id='word_1_180' title='bbox 160 3428 341 3534; x_wconf 85' lang='lat' dir='ltr'>pecunia</span> <span class='ocrx_word' id='word_1_181' title='bbox 360 3427 488 3534; x_wconf 89' lang='lat' dir='ltr'>ipsius</span> <span class='ocrx_word' id='word_1_182' title='bbox 501 3427 617 3506; x_wconf 88' lang='lat' dir='ltr'>ducis</span> <span class='ocrx_word' id='word_1_183' title='bbox 636 3422 811 3533; x_wconf 79' lang='lat' dir='ltr'>Gyulc⁸)</span> <span class='ocrx_word' id='word_1_184' title='bbox 830 3428 906 3507; x_wconf 89' lang='lat' dir='ltr'>l&#39;uit</span> <span class='ocrx_word' id='word_1_185' title='bbox 924 3427 1031 3506; x_wconf 86' lang='lat' dir='ltr'>male</span> <span class='ocrx_word' id='word_1_186' title='bbox 1049 3426 1260 3533; x_wconf 89' lang='lat' dir='ltr'>acquisita.</span> <span class='ocrx_word' id='word_1_187' title='bbox 1281 3426 1372 3505; x_wconf 85' lang='lat' dir='ltr'>ideo</span> <span class='ocrx_word' id='word_1_188' title='bbox 1392 3426 1481 3531; x_wconf 92' lang='lat' dir='ltr'>ipsa</span> <span class='ocrx_word' id='word_1_189' title='bbox 1498 3452 1564 3505; x_wconf 87' lang='lat' dir='ltr'>ec-</span> 
     </span>
    </p>
   </div>
   <div class='ocr_carea' id='block_1_4' title="bbox 159 3544 1566 4267">
    <p class='ocr_par' dir='ltr' id='par_1_4' title="bbox 159 3544 1566 4267">
     <span class='ocr_line' id='line_1_26' title="bbox 160 3544 1565 3656; baseline -0.001 -26"><span class='ocrx_word' id='word_1_190' title='bbox 160 3549 286 3632; x_wconf 87' lang='lat' dir='ltr'>clesia</span> <span class='ocrx_word' id='word_1_191' title='bbox 316 3549 556 3655; x_wconf 76' lang='lat' dir='ltr'>{requenter</span> <span class='ocrx_word' id='word_1_192' title='bbox 588 3574 711 3655; x_wconf 89' lang='lat' dir='ltr'>passa</span> <span class='ocrx_word' id='word_1_193' title='bbox 744 3544 846 3654; x_wconf 76' lang='lat' dir='ltr'>est⁹)</span> <span class='ocrx_word' id='word_1_194' title='bbox 884 3549 1134 3635; x_wconf 88' lang='lat' dir='ltr'>incemlium.</span> <span class='ocrx_word' id='word_1_195' title='bbox 1170 3549 1216 3629; x_wconf 92' lang='lat' dir='ltr'>ln</span> <span class='ocrx_word' id='word_1_196' title='bbox 1252 3544 1403 3656; x_wconf 82' lang='lat' dir='ltr'>ipsa¹⁰)</span> <span class='ocrx_word' id='word_1_197' title='bbox 1432 3547 1565 3628; x_wconf 88' lang='lat' dir='ltr'>eccle·</span> 
     </span>
     <span class='ocr_line' id='line_1_27' title="bbox 159 3669 1565 3779; baseline -0.003 -25"><span class='ocrx_word' id='word_1_198' title='bbox 159 3672 220 3754; x_wconf 89' lang='lat' dir='ltr'>sia</span> <span class='ocrx_word' id='word_1_199' title='bbox 251 3672 388 3779; x_wconf 92' lang='lat' dir='ltr'>ipsum</span> <span class='ocrx_word' id='word_1_200' title='bbox 421 3671 679 3752; x_wconf 91' lang='lat' dir='ltr'>auunculum</span> <span class='ocrx_word' id='word_1_201' title='bbox 703 3699 826 3752; x_wconf 92' lang='lat' dir='ltr'>suum</span> <span class='ocrx_word' id='word_1_202' title='bbox 851 3699 946 3752; x_wconf 92' lang='lat' dir='ltr'>cum</span> <span class='ocrx_word' id='word_1_203' title='bbox 970 3682 1056 3750; x_wconf 89' lang='lat' dir='ltr'>tota</span> <span class='ocrx_word' id='word_1_204' title='bbox 1086 3670 1242 3751; x_wconf 84' lang='lat' dir='ltr'>familia</span> <span class='ocrx_word' id='word_1_205' title='bbox 1264 3671 1423 3777; x_wconf 85' lang='lat' dir='ltr'>absque</span> <span class='ocrx_word' id='word_1_206' title='bbox 1455 3669 1565 3752; x_wconf 90' lang='lat' dir='ltr'>uelle</span> 
     </span>
     <span class='ocr_line' id='line_1_28' title="bbox 160 3793 1565 3902; baseline -0.001 -28"><span class='ocrx_word' id='word_1_207' title='bbox 160 3794 347 3902; x_wconf 84' lang='lat' dir='ltr'>conpulit</span> <span class='ocrx_word' id='word_1_208' title='bbox 381 3793 600 3901; x_wconf 86' lang='lat' dir='ltr'>baptizari;</span> <span class='ocrx_word' id='word_1_209' title='bbox 633 3793 704 3873; x_wconf 86' lang='lat' dir='ltr'>sed</span> <span class='ocrx_word' id='word_1_210' title='bbox 740 3808 884 3900; x_wconf 89' lang='lat' dir='ltr'>postea</span> <span class='ocrx_word' id='word_1_211' title='bbox 926 3793 1147 3874; x_wconf 86' lang='lat' dir='ltr'>honorifice</span> <span class='ocrx_word' id='word_1_212' title='bbox 1180 3793 1314 3873; x_wconf 87' lang='lat' dir='ltr'>tenuit</span> <span class='ocrx_word' id='word_1_213' title='bbox 1354 3793 1460 3873; x_wconf 90' lang='lat' dir='ltr'>sicut</span> <span class='ocrx_word' id='word_1_214' title='bbox 1492 3818 1565 3899; x_wconf 88' lang='lat' dir='ltr'>pa-</span> 
     </span>
     <span class='ocr_line' id='line_1_29' title="bbox 160 3909 1566 4024; baseline -0.001 -27"><span class='ocrx_word' id='word_1_215' title='bbox 160 3931 265 3997; x_wconf 89' lang='lat' dir='ltr'>trem</span> <span class='ocrx_word' id='word_1_216' title='bbox 307 3911 508 4023; x_wconf 83' lang='lat' dir='ltr'>suum¹¹).</span> <span class='ocrx_word' id='word_1_217' title='bbox 545 3914 702 4020; x_wconf 80' lang='lat' dir='ltr'>Regina</span> <span class='ocrx_word' id='word_1_218' title='bbox 744 3942 840 3996; x_wconf 83' lang='lat' dir='ltr'>vero</span> <span class='ocrx_word' id='word_1_219' title='bbox 884 3909 1101 4024; x_wconf 85' lang='lat' dir='ltr'>Kcysla¹²)</span> <span class='ocrx_word' id='word_1_220' title='bbox 1145 3942 1252 3995; x_wconf 79' lang='lat' dir='ltr'>unm·</span> <span class='ocrx_word' id='word_1_221' title='bbox 1289 3915 1418 3995; x_wconf 88' lang='lat' dir='ltr'>sancti</span> <span class='ocrx_word' id='word_1_222' title='bbox 1461 3915 1566 4020; x_wconf 85' lang='lat' dir='ltr'>regis</span> 
     </span>
     <span class='ocr_line' id='line_1_30' title="bbox 161 4037 1566 4144; baseline -0.001 -25"><span class='ocrx_word' id='word_1_223' title='bbox 161 4039 314 4120; x_wconf 85' lang='lat' dir='ltr'>dictam</span> <span class='ocrx_word' id='word_1_224' title='bbox 358 4038 574 4120; x_wconf 88' lang='lat' dir='ltr'>ecclesiam</span> <span class='ocrx_word' id='word_1_225' title='bbox 620 4037 755 4119; x_wconf 90' lang='lat' dir='ltr'>aureis</span> <span class='ocrx_word' id='word_1_226' title='bbox 799 4038 930 4144; x_wconf 78' lang='lat' dir='ltr'>(ata)</span> <span class='ocrx_word' id='word_1_227' title='bbox 975 4037 1168 4119; x_wconf 84' lang='lat' dir='ltr'>crucibus</span> <span class='ocrx_word' id='word_1_228' title='bbox 1209 4037 1372 4119; x_wconf 79' lang='lat' dir='ltr'>lusoriis</span> <span class='ocrx_word' id='word_1_229' title='bbox 1415 4037 1566 4119; x_wconf 90' lang='lat' dir='ltr'>tabulis</span> 
     </span>
     <span class='ocr_line' id='line_1_31' title="bbox 160 4159 1475 4267; baseline -0.001 -26"><span class='ocrx_word' id='word_1_230' title='bbox 160 4160 361 4243; x_wconf 87' lang='lat' dir='ltr'>calicibus</span> <span class='ocrx_word' id='word_1_231' title='bbox 393 4160 580 4267; x_wconf 77' lang='lat' dir='ltr'>genimis,</span> <span class='ocrx_word' id='word_1_232' title='bbox 615 4172 656 4240; x_wconf 90' lang='lat' dir='ltr'>et</span> <span class='ocrx_word' id='word_1_233' title='bbox 688 4161 940 4241; x_wconf 85' lang='lat' dir='ltr'>ornamentis</span> <span class='ocrx_word' id='word_1_234' title='bbox 975 4160 1081 4240; x_wconf 88' lang='lat' dir='ltr'>ultra</span> <span class='ocrx_word' id='word_1_235' title='bbox 1116 4159 1475 4240; x_wconf 89' lang='lat' dir='ltr'>modumditauit.</span> 
     </span>
    </p>
   </div>
   <div class='ocr_carea' id='block_1_5' title="bbox 159 4333 368 4343">
    <p class='ocr_par' dir='ltr' id='par_1_5' title="bbox 159 4333 368 4343">
     <span class='ocr_line' id='line_1_32' title="bbox 159 4333 368 4343; baseline -0.01 0"><span class='ocrx_word' id='word_1_236' title='bbox 159 4333 368 4343; x_wconf 62' lang='grc' dir='ltr'>...ι-</span> 
     </span>
    </p>
   </div>
   <div class='ocr_carea' id='block_1_6' title="bbox 160 4397 1566 5011">
    <p class='ocr_par' dir='ltr' id='par_1_6' title="bbox 160 4397 1566 5011">
     <span class='ocr_line' id='line_1_33' title="bbox 321 4397 1565 4497; baseline -0.003 -20"><span class='ocrx_word' id='word_1_237' title='bbox 321 4398 346 4484; x_wconf 83' lang='lat'>¹)</span> <span class='ocrx_word' id='word_1_238' title='bbox 371 4403 542 4497; x_wconf 80' lang='lat' dir='ltr'>pretiosis,</span> <span class='ocrx_word' id='word_1_239' title='bbox 575 4398 599 4478; x_wconf 70' lang='lat' dir='ltr'>2l</span> <span class='ocrx_word' id='word_1_240' title='bbox 624 4425 690 4474; x_wconf 92' lang='lat' dir='ltr'>om.</span> <span class='ocrx_word' id='word_1_241' title='bbox 721 4401 762 4475; x_wconf 85' lang='grc' dir='ltr'>Α.</span> <span class='ocrx_word' id='word_1_242' title='bbox 792 4402 852 4475; x_wconf 87' lang='lat' dir='ltr'>sic.</span> <span class='ocrx_word' id='word_1_243' title='bbox 883 4403 959 4475; x_wconf 88' lang='lat' dir='ltr'>add.</span> <span class='ocrx_word' id='word_1_244' title='bbox 990 4401 1063 4475; x_wconf 90' lang='lat' dir='ltr'>VP.</span> <span class='ocrx_word' id='word_1_245' title='bbox 1094 4397 1121 4484; x_wconf 81' lang='lat'>³)</span> <span class='ocrx_word' id='word_1_246' title='bbox 1156 4400 1313 4474; x_wconf 85' lang='lat' dir='ltr'>Erdeelui</span> <span class='ocrx_word' id='word_1_247' title='bbox 1359 4401 1498 4473; x_wconf 83' lang='lat' dir='ltr'>Zultau.</span> <span class='ocrx_word' id='word_1_248' title='bbox 1530 4400 1565 4473; x_wconf 84' lang='lat' dir='ltr'>S.</span> 
     </span>
     <span class='ocr_line' id='line_1_34' title="bbox 160 4499 1564 4596; baseline -0.005 -14"><span class='ocrx_word' id='word_1_249' title='bbox 160 4508 298 4582; x_wconf 82' lang='lat' dir='ltr'>Erdeliv</span> <span class='ocrx_word' id='word_1_250' title='bbox 328 4509 467 4582; x_wconf 86' lang='lat' dir='ltr'>Zoltan.</span> <span class='ocrx_word' id='word_1_251' title='bbox 499 4508 544 4582; x_wconf 83' lang='lat' dir='ltr'>A.</span> <span class='ocrx_word' id='word_1_252' title='bbox 574 4504 602 4589; x_wconf 81' lang='lat'>⁴)</span> <span class='ocrx_word' id='word_1_253' title='bbox 637 4530 702 4579; x_wconf 90' lang='lat' dir='ltr'>om.</span> <span class='ocrx_word' id='word_1_254' title='bbox 732 4529 859 4582; x_wconf 77' lang='lat' dir='ltr'>rrmnes.</span> <span class='ocrx_word' id='word_1_255' title='bbox 891 4502 918 4588; x_wconf 81' lang='lat'>⁵)</span> <span class='ocrx_word' id='word_1_256' title='bbox 953 4509 1109 4581; x_wconf 72' lang='lat' dir='ltr'>context.</span> <span class='ocrx_word' id='word_1_257' title='bbox 1140 4528 1222 4578; x_wconf 87' lang='lat' dir='ltr'>auro</span> <span class='ocrx_word' id='word_1_258' title='bbox 1258 4503 1382 4596; x_wconf 87' lang='lat' dir='ltr'>puriss.</span> <span class='ocrx_word' id='word_1_259' title='bbox 1415 4499 1441 4583; x_wconf 80' lang='lat'>⁸⁵)</span> <span class='ocrx_word' id='word_1_260' title='bbox 1473 4526 1564 4579; x_wconf 85' lang='lat' dir='ltr'>reto.</span> 
     </span>
     <span class='ocr_line' id='line_1_35' title="bbox 161 4607 1566 4709; baseline -0.005 -22"><span class='ocrx_word' id='word_1_261' title='bbox 161 4613 239 4687; x_wconf 89' lang='lat' dir='ltr'>add.</span> <span class='ocrx_word' id='word_1_262' title='bbox 272 4607 298 4692; x_wconf 84' lang='lat' dir='ltr'>⁷l</span> <span class='ocrx_word' id='word_1_263' title='bbox 323 4613 379 4688; x_wconf 89' lang='lat' dir='ltr'>Ad</span> <span class='ocrx_word' id='word_1_264' title='bbox 407 4613 517 4686; x_wconf 82' lang='lat' dir='ltr'>locum</span> <span class='ocrx_word' id='word_1_265' title='bbox 544 4612 579 4685; x_wconf 91' lang='lat' dir='ltr'>iu</span> <span class='ocrx_word' id='word_1_266' title='bbox 608 4611 721 4685; x_wconf 86' lang='lat' dir='ltr'>codice</span> <span class='ocrx_word' id='word_1_267' title='bbox 749 4613 861 4709; x_wconf 85' lang='lat' dir='ltr'>spatio</span> <span class='ocrx_word' id='word_1_268' title='bbox 899 4614 1013 4685; x_wconf 84' lang='lat' dir='ltr'>decem</span> <span class='ocrx_word' id='word_1_269' title='bbox 1050 4611 1217 4684; x_wconf 86' lang='lat' dir='ltr'>linearum</span> <span class='ocrx_word' id='word_1_270' title='bbox 1244 4630 1385 4682; x_wconf 86' lang='lat' dir='ltr'>vacuum</span> <span class='ocrx_word' id='word_1_271' title='bbox 1417 4608 1566 4681; x_wconf 84' lang='lat' dir='ltr'>refertur</span> 
     </span>
     <span class='ocr_line' id='line_1_36' title="bbox 161 4707 1565 4812; baseline -0.004 -22"><span class='ocrx_word' id='word_1_272' title='bbox 161 4718 218 4791; x_wconf 88' lang='lat' dir='ltr'>ubi</span> <span class='ocrx_word' id='word_1_273' title='bbox 254 4717 364 4812; x_wconf 87' lang='lat' dir='ltr'>pictor</span> <span class='ocrx_word' id='word_1_274' title='bbox 401 4716 630 4791; x_wconf 82' lang='lat' dir='ltr'>coronationis</span> <span class='ocrx_word' id='word_1_275' title='bbox 668 4717 762 4811; x_wconf 84' lang='lat' dir='ltr'>regie</span> <span class='ocrx_word' id='word_1_276' title='bbox 799 4717 981 4811; x_wconf 85' lang='lat' dir='ltr'>imaginem</span> <span class='ocrx_word' id='word_1_277' title='bbox 1019 4736 1144 4812; x_wconf 88' lang='lat' dir='ltr'>ponere</span> <span class='ocrx_word' id='word_1_278' title='bbox 1186 4713 1370 4786; x_wconf 86' lang='lat' dir='ltr'>debuisset.</span> <span class='ocrx_word' id='word_1_279' title='bbox 1407 4707 1432 4791; x_wconf 81' lang='lat'>⁸)</span> <span class='ocrx_word' id='word_1_280' title='bbox 1470 4711 1565 4785; x_wconf 91' lang='lat' dir='ltr'>illins</span> 
     </span>
     <span class='ocr_line' id='line_1_37' title="bbox 161 4815 1562 4916; baseline -0.007 -18"><span class='ocrx_word' id='word_1_281' title='bbox 161 4821 273 4898; x_wconf 80' lang='lat' dir='ltr'>Giule.</span> <span class='ocrx_word' id='word_1_282' title='bbox 302 4821 339 4898; x_wconf 85' lang='lat' dir='ltr'>S.</span> <span class='ocrx_word' id='word_1_283' title='bbox 368 4821 406 4895; x_wconf 90' lang='lat' dir='ltr'>il.</span> <span class='ocrx_word' id='word_1_284' title='bbox 435 4820 555 4916; x_wconf 80' lang='lat' dir='ltr'>Gyule.</span> <span class='ocrx_word' id='word_1_285' title='bbox 585 4822 655 4895; x_wconf 88' lang='lat' dir='ltr'>VP.</span> <span class='ocrx_word' id='word_1_286' title='bbox 688 4815 714 4903; x_wconf 77' lang='grc'>9)</span> <span class='ocrx_word' id='word_1_287' title='bbox 739 4827 792 4896; x_wconf 90' lang='lat' dir='ltr'>est</span> <span class='ocrx_word' id='word_1_288' title='bbox 820 4845 933 4915; x_wconf 88' lang='lat' dir='ltr'>passa.</span> <span class='ocrx_word' id='word_1_289' title='bbox 957 4822 1027 4895; x_wconf 87' lang='lat' dir='ltr'>VP.</span> <span class='ocrx_word' id='word_1_290' title='bbox 1061 4817 1102 4902; x_wconf 79' lang='lat'>¹⁰)</span> <span class='ocrx_word' id='word_1_291' title='bbox 1130 4820 1164 4892; x_wconf 92' lang='lat' dir='ltr'>in</span> <span class='ocrx_word' id='word_1_292' title='bbox 1194 4817 1312 4890; x_wconf 89' lang='lat' dir='ltr'>eadem</span> <span class='ocrx_word' id='word_1_293' title='bbox 1339 4821 1453 4890; x_wconf 88' lang='lat' dir='ltr'>antem</span> <span class='ocrx_word' id='word_1_294' title='bbox 1481 4817 1562 4890; x_wconf 83' lang='lat' dir='ltr'>coel.</span> 
     </span>
     <span class='ocr_line' id='line_1_38' title="bbox 161 4921 755 5011; baseline 0.007 -14"><span class='ocrx_word' id='word_1_295' title='bbox 161 4949 289 5011; x_wconf 79' lang='lat' dir='ltr'>omnes,</span> <span class='ocrx_word' id='word_1_296' title='bbox 324 4924 365 5010; x_wconf 86' lang='lat'>¹¹)</span> <span class='ocrx_word' id='word_1_297' title='bbox 394 4949 458 5008; x_wconf 85' lang='lat' dir='ltr'>our.</span> <span class='ocrx_word' id='word_1_298' title='bbox 492 4921 534 5008; x_wconf 77' lang='lat'>¹¹)</span> <span class='ocrx_word' id='word_1_299' title='bbox 562 4925 688 5003; x_wconf 81' lang='lat' dir='ltr'>Geisia.</span> <span class='ocrx_word' id='word_1_300' title='bbox 719 4927 755 5001; x_wconf 81' lang='lat' dir='ltr'>S.</span> 
     </span>
    </p>
   </div>
   <div class='ocr_carea' id='block_1_7' title="bbox 0 0 1803 5490">
    <p class='ocr_par' dir='ltr' id='par_1_7' title="bbox 0 0 1803 5490">
     <span class='ocr_line' id='line_1_39' title="bbox 0 0 1803 5490; baseline 0 0"><span class='ocrx_word' id='word_1_301' title='bbox 0 0 1803 5490; x_wconf 95' lang='lat' dir='ltr'> </span> 
     </span>
    </p>
   </div>
  </div>
 </body>
</html>
