3660 5506
828 312 994 459 Ε..

207 573 460 657 clandestine
488 574 752 680 fugientibus,
782 587 823 655 et
854 575 895 656 in
915 576 1045 658 tribus
1072 574 1199 682 'galeis
1226 603 1301 685 per
1322 601 1434 656 mare
1463 601 1616 658 versus

205 697 462 780 Prouinciam
492 711 532 777 et
564 697 814 779 Aninionem
848 700 901 781 ob
940 711 1097 780 metum
1135 700 1241 804 regis
1276 699 1616 807 properantibus

206 848 279 901 rex
310 819 519 900 ciuitatem
543 819 856 927 Neapolitanam
878 822 1057 924 intrauit,
1079 822 1150 903 nbi
1175 849 1269 903 cum
1290 847 1438 927 magna
1457 821 1618 903 solem·

207 943 334 1025 nitate
363 955 403 1024 et
439 942 588 1049 gaudio
620 955 839 1051 susceptus
876 959 949 1045 est,
983 960 1024 1025 et
1049 959 1205 1026 extunc
1236 945 1355 1026 titulo
1386 971 1616 1050 regnorum

206 1066 416 1171 Hungarie
451 1065 684 1147 Jerusalem
714 1082 754 1145 et
783 1064 919 1147 Sicilie
957 1067 1161 1149 utebatur.
1194 1067 1243 1147 Et
1272 1067 1425 1149 ibidem
1450 1093 1618 1148 moram

208 1190 363 1271 faciens
385 1189 494 1297 cepit
525 1189 772 1294 inuestigare
796 1189 866 1295 qui
895 1203 1033 1272 essent
1063 1190 1281 1297 participes
1309 1204 1350 1271 et
1380 1189 1621 1298 culpabiles

209 1313 249 1393 in
269 1326 400 1392 morte
423 1312 555 1394 fratris
575 1311 637 1392 sui
662 1312 824 1392 Andree
848 1312 951 1416 regis
985 1312 1200 1420 prenotati.
1231 1312 1281 1393 Et
1303 1313 1394 1420 capi
1422 1313 1523 1393 fecit
1553 1340 1620 1393 re·

208 1436 321 1541 gales
342 1434 621 1542 infrascriptos
647 1435 771 1541 (aab)
794 1435 943 1515 ducem
973 1433 1139 1543 Duracy
1172 1463 1267 1516 cum
1294 1436 1457 1517 duobus
1478 1437 1620 1516 fratri·

208 1559 288 1639 bus
308 1556 608 1639 suisLodouieo
627 1571 667 1636 et
682 1556 876 1657 Robert03
897 1557 994 1637 item
1009 1558 1132 1638 etiam
1153 1558 1266 1657 alica,
1287 1558 1479 1638 videlicet
1496 1559 1620 1664 prin·

210 1681 346 1788 eipem
373 1679 641 1761 Tarentinum
666 1696 706 1759 et
719 1680 926 1787 Filippum
946 1707 1134 1787 puerum,
1148 1680 1401 1761 fratresdicti
1413 1679 1620 1761 Lodouici

209 1803 342 1884 mariti
371 1803 510 1907 regine
540 1801 743 1884 dchanne.
777 1801 910 1896 Quem
939 1803 1106 1908 quidem
1130 1803 1280 1884 ducem
1308 1801 1473 1911 Duracy
1504 1818 1620 1884 tam·

211 1952 336 2032 quarn
376 1924 626 2032 culpabilem
669 1923 707 2005 in
755 1926 914 2005 aduersa
947 1925 1113 2005 ciuitate
1147 1925 1189 2005 in
1225 1926 1348 2005 domo
1378 1925 1474 2006 dicti
1506 1927 1622 2029 regis

211 2048 389 2148 Andree,
411 2048 452 2128 in
474 2062 666 2154 quatunc
680 2047 909 2147 habitabat,
933 2063 972 2127 et
991 2049 1125 2129 fuerat
1144 2048 1352 2152 iugulatus
1374 2063 1414 2128 et
1437 2048 1621 2150 occisus

211 2170 403 2250 decollari
424 2171 532 2250 fecit.
553 2169 604 2249 Et
621 2169 751 2250 dictos
771 2169 871 2253 alios
883 2171 1039 2275 regales
1062 2171 1104 2250 in
1114 2170 1312 2251 comitatu
1328 2169 1464 2250 Karoli
1482 2172 1622 2277 pueri,

211 2293 279 2401 fity
303 2291 473 2399 predicti
500 2292 604 2396 regis
632 2293 798 2372 Andree
824 2292 865 2372 in
891 2290 1144 2398 Hungariam
1175 2319 1249 2399 per
1277 2305 1408 2373 certos
1436 2293 1623 2375 barones

212 2429 253 2495 et
266 2414 414 2495 milites
428 2414 661 2515 destinauit,
680 2440 752 2520 pro
775 2440 835 2515 ec,
855 2415 952 2521 quia
969 2441 1059 2498 reos
1078 2414 1258 2496 criminis
1280 2406 1624 2497 leseinaiestatis'

212 2536 359 2646 punire
393 2536 678 2640 neglexerunt.
707 2536 1056 2619 Presumebantur
1088 2537 1196 2617 enim
1233 2537 1466 2644 aliqualiter
1499 2551 1625 2619 tanto

211 2659 356 2743 sceleri
389 2685 636 2740 consensum
672 2659 911 2766 prebuisse,
942 2658 1057 2740 iuxta
1075 2659 1198 2739 illud:
1231 2658 1321 2739 Non
1341 2673 1482 2739 carent
1500 2688 1625 2742 seru·

212 2783 310 2890 pulo
323 2781 528 2863 societatis
546 2782 723 2883 occulte,
752 2782 822 2887 qui
841 2781 1058 2864 manifesto
1075 2781 1243 2862 facinori
1262 2782 1413 2863 desunt
1430 2783 1622 2865 obuiare.

214 2904 293 2999 Qui
326 2903 512 3010 deputati
545 2903 708 2985 fucrant
740 2904 780 2982 in
815 2917 947 2985 castro
990 2902 1306 3014 Vysegradiensi
1344 2905 1626 3007 custodiendi,

215 3040 256 3107 et
289 3054 383 3106 cum
420 3051 569 3130 magna
600 3025 818 3131 diligencia
850 3039 891 3106 et
922 3026 1090 3127 honore,
1125 3026 1231 3107 bene
1258 3040 1298 3106 et
1325 3026 1627 3109 lautefuerant

215 3147 459 3249 conseruati,
494 3148 601 3230 sicut
633 3147 772 3229 decuit
790 3148 990 3253 sanguine
1010 3149 1252 3231 coniunctos
1269 3149 1379 3254 regie
1399 3150 1625 3232 maiestati.

496 3492 583 3595 (Dc
610 3490 762 3573 reditu
790 3492 918 3596 regis
944 3494 991 3576 ln
1017 3495 1336 3600 nungarlam.)

375 3743 473 3824 181.
506 3741 687 3824 Demum
720 3743 829 3823 idem
864 3743 1057 3826 dominus
1090 3771 1161 3824 rex
1203 3745 1436 3829 Lodcuicus
1472 3745 1626 3829 volens

216 3867 346 3947 redire
380 3865 421 3945 in
456 3865 707 3971 Hungariarn
742 3893 837 3947 cum
871 3879 993 3972 gente
1027 3867 1214 3973 copiosa,
1260 3868 1313 3950 ibi
1349 3866 1624 3974 magnificum

216 4002 256 4070 et
304 4001 519 4070 strenuum
554 3988 685 4070 virum
721 3987 978 4096 Stephanum
1012 3989 1142 4071 filium
1192 3990 1331 4070 Lachk
1378 3989 1622 4098 voyuodam

215 4110 623 4193 transsiluanieusem
659 4112 923 4218 capitaneum
956 4113 1091 4215 regni,
1136 4126 1177 4192 et
1219 4111 1270 4194 W
1273 4112 1520 4220 olpbardum
1566 4114 1622 4194 de

215 4232 389 4315 Wolfart
431 4233 688 4314 teutonicum
741 4233 1003 4341 capitaneum
1048 4233 1088 4314 in
1135 4235 1301 4316 ciuitate
1344 4233 1623 4341 Neapolitana

217 4357 258 4438 in
292 4381 467 4464 persona
499 4382 573 4438 sue
606 4355 716 4461 regie
748 4353 974 4435 maiestatis
1006 4357 1190 4462 prefecit,
1224 4371 1266 4438 et
1292 4357 1343 4439 ad
1362 4355 1622 4463 Hungariam

217 4477 430 4562 remeauit.
