3660 5506
835 169 991 273 -no-

213 399 350 468 rentes
381 412 490 490 suos
525 388 763 470 conuocatis
805 387 1060 495 principibus
1095 383 1207 490 regui
1239 380 1449 488 Huugarie
1483 379 1618 462 arehi-

213 508 418 616 episcopis
451 523 491 589 et
515 511 731 618 episeopis,
750 537 794 592 se
812 510 1022 614 grauidam
1047 506 1160 615 prole
1197 505 1423 587 manifestis
1455 503 1618 610 indioys

213 630 523 733 demonstrauit,
567 646 608 713 et
649 634 707 714 sio
746 659 911 713 reuersa
953 626 1055 736 est¹)
1101 630 1138 709 iu
1182 644 1329 708 terrain
1363 652 1480 708 suam
1514 624 1617 707 Estb

215 766 414 853 vocatam,
458 768 498 833 et
540 755 594 835 ibi
638 755 748 862 apud
794 767 951 862 patreut
995 780 1116 833 suurn
1161 777 1336 858 puerunt
1380 747 1617 829 urasculuu]

213 875 384 980 peperit,
428 902 552 981 quern
597 877 635 956 iu
681 878 887 984 baptismo
928 875 1184 981 Stepbauuru
1225 881 1493 953 vocauerunt.
1536 868 1618 963 Qui

213 997 392 1077 ttutritus
426 1009 466 1077 et
499 999 699 1080 edueatus
739 1001 817 1081 sub
852 999 928 1078 luto
962 997 1092 1097 titulo,
1127 995 1237 1101 quod
1272 1007 1380 1074 esset
1410 992 1520 1074 filius
1553 1018 1620 1072 re·

212 1119 272 1222 gis
313 1118 539 1223 Huugarie,
583 1122 749 1200 taruieru
796 1120 846 1201 ad
899 1120 1086 1201 ultimam
1131 1109 1332 1222 etateur²)
1374 1115 1620 1214 deuenieuS,

213 1266 412 1347 usurpare
456 1241 597 1324 dolose
641 1243 967 1324 rrtarobiouaturu
1003 1240 1133 1322 voluit
1175 1239 1242 1321 aui
1280 1238 1355 1320 sui.
1391 1236 1469 1318 Sed
1505 1236 1620 1317 idem

211 1388 316 1443 auus
357 1391 459 1445 suus
502 1365 734 1470 preuaiens,
779 1366 913 1472 ipsum
960 1363 1156 1444 remotius
1200 1360 1423 1467 aufugauit.
1459 1358 1512 1439 Et
1555 1359 1619 1441 sie

212 1484 301 1590 ipse
335 1483 611 1594 Stephanus³)
645 1488 745 1594 abyt
785 1488 823 1567 iu
864 1486 1117 1595 Hyspauiaru
1152 1484 1202 1565 ad
1235 1482 1440 1564 daeoburn
1473 1509 1618 1587 regern

212 1607 429 1712 diagonia,
449 1609 519 1714 qui
544 1609 724 1690 babebat
756 1610 796 1689 in
832 1635 1004 1689 uxorem
1038 1633 1219 1688 sororem
1254 1605 1368 1686 istius
1401 1603 1619 1711 Stephani,

211 1728 335 1808 tiliam
373 1731 477 1834 regis
512 1732 689 1830 Audree,
709 1733 812 1836 regis
830 1730 1052 1834 Huugarie.
1071 1728 1122 1808 Et
1153 1728 1210 1808 ibi
1241 1727 1478 1833 aliquandiu
1499 1753 1619 1807 coru·

212 1866 406 1946 moratus,
440 1853 587 1932 iteruin
624 1854 662 1932 iu
699 1853 855 1933 Italiam
891 1852 1074 1952 veniens,
1108 1850 1265 1931 eiectus
1299 1865 1360 1930 est
1396 1875 1421 1929 a
1449 1848 1621 1931 ciuibus

212 1968 433 2078 potestas⁴)
479 1975 517 2052 iu
564 1974 773 2056 Rauenna.
807 1976 908 2055 lodo
949 1975 1114 2079 fugatus
1157 1971 1269 2052 veuit
1301 1970 1514 2052 Venerius.
1552 1971 1622 2053 Ibi

211 2109 350 2174 autern
387 2096 446 2174 vir
478 2096 645 2201 quidam
691 2097 792 2179 eiuis
828 2095 1071 2177 Venetensis
1105 2094 1282 2175 ciuitatis
1314 2093 1447 2200 potior
1478 2108 1521 2172 et
1553 2093 1622 2174 di-

214 2217 300 2316 tior,
324 2243 576 2320 cognosceus
610 2234 651 2299 et
682 2221 817 2301 sciens
842 2218 1042 2300 veraciter
1073 2217 1186 2297 huno
1219 2242 1309 2297 esse
1343 2213 1470 2295 filiurn
1506 2217 1623 2321 regis

212 2336 433 2442 Huugarie‚
454 2339 617 2420 tradidit
650 2342 726 2423 sibi
760 2341 883 2421 filiurn
918 2368 1034 2421 suant
1071 2339 1110 2418 iu
1146 2364 1331 2438 uxorein,
1352 2352 1392 2417 et
1424 2338 1622 2420 omniurn

211 2460 414 2541 bouorurn
449 2487 617 2543 suorum
644 2464 885 2570 participem
910 2490 1005 2543 eunt
1029 2460 1251 2543 autistituit.
1273 2458 1336 2539 Ex
1370 2459 1438 2538 iiia
1469 2473 1621 2543 autern

212 2581 356 2663 lutbuit
388 2580 624 2690 Stephanus
656 2585 786 2666 tiliuut
799 2583 842 2691 ⁵),
867 2611 992 2691 quem
1016 2585 1222 2663 Andrean]
1246 2580 1412 2661 uocauit
1442 2583 1624 2665 nornine

211 2704 336 2810 patris
379 2706 454 2786 sui.
488 2704 566 2800 Qui
603 2708 789 2786 Andreas
831 2707 986 2787 auxilio
1020 2725 1061 2785 et
1094 2705 1263 2786 eousiiio
1306 2703 1625 2788 auuncuiorurn

209 2852 391 2927 suerunt,
426 2829 495 2932 qui
531 2842 647 2908 erant
688 2829 937 2911 infinitarum
983 2828 1239 2927 diuiciaruut,
1274 2825 1441 2906 uiuente
1475 2825 1628 2909 adhue

209 2974 303 3053 rege
347 2948 534 3028 Ladizlao
579 2951 617 3030 in
663 2950 914 3055 Hungariarn
962 2949 1221 3049 subintrauit‚
1256 2974 1303 3028 eo
1350 2947 1458 3052 quod
1503 2971 1629 3033 esset

209 3069 308 3170 dux,
327 3070 398 3176 qni
432 3071 603 3152 deberet
636 3072 787 3154 babere
813 3073 1050 3181 porcionem
1087 3073 1125 3153 iu
1161 3094 1285 3175 reguo
1319 3069 1423 3173 regis
1446 3069 1624 3155 Andree.

209 3191 328 3271 titulo
361 3192 429 3271 aui
461 3193 536 3274 sui.
574 3192 680 3274 Curn
723 3211 862 3276 autern
906 3196 1052 3277 fuisset
1093 3194 1252 3275 occisus
1284 3187 1558 3298 Ladizlaus⁶>,
1596 3225 1626 3276 a

209 3313 433 3394 baronibus
467 3316 580 3421 regui
612 3316 786 3398 feliciter
818 3332 1047 3398 coronatur.
1076 3315 1154 3411 Qui
1188 3339 1295 3394 anno
1330 3313 1513 3394 seeundo
1552 3346 1624 3397 re·

208 3434 276 3538 gni
309 3434 375 3516 sui
408 3463 503 3516 curn
538 3438 722 3519 exercitu
758 3441 941 3521 inaximo
976 3439 1182 3520 Austriaor
1218 3431 1496 3540 debellauiff).

369 3741 393 3821 ¹)
417 3750 471 3819 est
500 3769 650 3820 reuersa..
683 3744 709 3829 ²)
734 3752 858 3820 etatem
888 3747 1053 3820 ultima-ru.
1085 3745 1111 3823 ³)
1134 3748 1270 3841 fugiens
1298 3750 1373 3821 add.
1405 3744 1431 3809 ‘i
1455 3752 1622 3841 potestas

208 3872 227 3920 a
264 3848 405 3922 ciuibus,
437 3845 462 3930 ⁶)
486 3849 593 3924 filium
623 3853 674 3924 St.
706 3847 732 3928 ⁸⁵)
755 3874 817 3924 rax
852 3848 969 3926 Ludis.
995 3851 1117 3923 fuisset
1153 3853 1254 3925 oecis.
1284 3847 1310 3928 't
1343 3853 1391 3926 ita
1425 3855 1621 3930 enormiter

208 3955 295 4045 quod
334 3977 421 4027 uuus
460 3955 652 4029 teutonicus
691 3959 865 4029 emebatur
896 3978 958 4049 pro
991 3955 1140 4028 dettario.
1180 3958 1268 4029 Nam
1304 3956 1338 4029 iu
1374 3955 1482 4051 primo
1520 3983 1618 4038 usuro

208 4057 310 4150 regui
340 4057 392 4130 sui
433 4059 532 4133 duxit
565 4081 704 4133 uxorem
741 4061 782 4132 da
817 4059 970 4148 folonia,
1000 4082 1062 4151 que
1100 4059 1184 4133 obiit
1222 4061 1256 4134 in
1285 4062 1431 4135 aduentu
1468 4062 1615 4156 domiui,

207 4185 294 4234 anno
331 4162 457 4236 domini
496 4160 884 4238 MCCLXXXXVIo.
914 4164 955 4236 In
989 4164 1104 4236 eodem
1138 4187 1225 4237 anno
1258 4170 1336 4239 ante
1366 4166 1616 4245 Asoausiouenr

207 4265 336 4338 domini
364 4266 462 4339 duxit
488 4267 523 4340 in
543 4290 683 4342 uxorem
710 4267 816 4342 filiam
844 4267 938 4342 ducis
966 4267 1119 4342 Austria.
1150 4269 1226 4342 add.
1258 4279 1301 4345 A.
