3660 5506
845 321 1002 426 Q

218 534 447 621 inhonore
479 538 610 622 sancti
643 538 805 642 Auiani,
839 540 882 621 in
914 541 1005 622 loco
1047 540 1120 647 qui
1152 537 1301 625 dicitnr
1332 537 1491 650 Tyhon.
1537 537 1630 624 Du·

217 662 281 743 xit
312 675 451 743 autem
485 662 563 745 sibi
585 662 647 744 „in
689 688 864 744 uxerem
907 663 1035 745 filiam
1078 663 1195 746 ducis
1228 662 1540 775 -Ruthenorum,
1576 664 1629 746 de

218 811 301 891 qua
336 784 480 890 genuit
519 784 783 866 Salomonem
827 797 867 865 et
908 783 1056 866 Dauid.
1090 783 1153 864 l)e
1196 783 1439 868 Concubina
1481 800 1628 870 autem

217 934 341 1014 quam
377 906 521 989 habuit
553 908 604 987 dc
637 905 734 988 villa
765 902 1009 1014 Morouth¹)‚
1043 908 1186 1014 genuit
1218 908 1464 1014 Georgium.
1498 908 1628 992 Porro

216 1028 303 1110 dux
337 1029 437 1110 Bela
468 1029 510 1110 in
532 1029 701 1111 Pelonia
732 1029 875 1135 genuit
899 1029 1050 1111 liberos
1082 1030 1263 1140 Geysam
1297 1044 1338 1110 et
1370 1029 1626 1135 Ladizlaum,

217 1151 256 1232 in
289 1150 502 1257 Hungaria
533 1179 630 1233 vera
663 1152 806 1257 genuit
837 1152 1103 1260 Lampertum
1128 1164 1169 1232 et
1189 1151 1306 1234 filias.
1325 1150 1626 1261 Viuebantque

214 1301 289 1355 rex
323 1286 363 1355 et
395 1274 482 1357 dux
515 1274 558 1356 in
592 1301 741 1380 magna
772 1275 887 1382 pacis
920 1274 1227 1386 tranquillitate.

544 1534 629 1628 (De
657 1554 770 1638 rege
797 1530 1182 1617 theutonicorum.
1209 1529 1287 1628 83)

371 1748 442 1831 86.
474 1745 533 1830 Eu
566 1760 751 1856 tempure
769 1747 1069 1829 teutonicorum
1101 1775 1172 1829 rex
1196 1774 1291 1828 cum
1315 1772 1464 1851 magno
1500 1774 1623 1829 exer·

215 1869 301 1951 citu
333 1871 495 1963 obsedit
512 1883 691 1953 castrum
709 1870 841 1952 Poson
852 1866 883 1976 ³)
911 1871 1054 1952 volens
1072 1869 1261 1951 iniuriam
1283 1866 1388 1950 Petri
1407 1868 1622 1951 vindicare

215 2004 257 2072 et
296 1991 551 2099 Hungariam
594 2019 669 2076 suo
717 1993 899 2074 dominio
954 1992 1187 2098 subiugare.
1238 1990 1434 2071 Extruxit
1474 2006 1620 2073 antem

214 2115 366 2196 multas
399 2115 612 2218 machinas
644 2114 815 2198 bellicas
848 2115 898 2195 ad
933 2108 1385 2222 expngrrarrdun1⁴)‚et
1418 2141 1493 2220 per
1525 2128 1620 2196 ectu

214 2235 467 2319 ebdomadas
499 2238 726 2320 obsidendo
755 2237 879 2317 nichil
906 2233 1166 2344 proficiens⁵)
1204 2235 1463 2317 ell'eminatus
1499 2262 1619 2319 ener-

213 2370 421 2465 uatusque
463 2360 619 2444 viribus
660 2360 780 2468 redyt
820 2360 869 2440 ad
911 2354 1115 2467 propriafi)
1155 2373 1231 2439 etc.
1275 2355 1474 2464 Sequenti
1521 2383 1619 2440 vero

213 2506 321 2561 anno
354 2479 480 2565 Cesar
511 2511 608 2564 cum
642 2509 792 2587 magna
824 2477 1130 2587 multitudine⁷)
1172 2481 1225 2563 ob
1267 2473 1435 2562 easdem
1467 2506 1619 2563 causas

211 2604 325 2710 venit
356 2603 398 2691 in
430 2604 685 2712 Hungariam
718 2604 837 2687 iuxta
873 2605 1007 2685 fontes
1040 2603 1222 2685 rinorum
1255 2602 1351 2683 Zala
1384 2614 1425 2682 et
1455 2600 1618 2703 Zelice3

210 2726 281 2811 sed
317 2738 358 2808 et
389 2753 520 2814 naues
539 2715 802 2810 ‘victualibus
836 2740 1024 2808 oneratas
1056 2753 1130 2833 per
1158 2724 1396 2806 Danubium
1433 2723 1545 2804 misit
1576 2726 1617 2807 in

209 2846 476 2955 Hungariam‚
514 2850 771 2958 prefecitque
805 2849 842 2930 ei
875 2849 1115 2956 episcopum
1159 2840 1412 2952 Guebarth⁸)
1445 2846 1618 2928 tratrem

209 2998 345 3055 suum.
381 2971 469 3082 Hys
503 2986 643 3054 autem
677 2971 827 3054 auditis
860 2969 1048 3055 Andreas
1091 2997 1165 3050 rex
1200 2984 1241 3052 et
1273 2969 1360 3051 dux
1394 2967 1492 3048 Bela
1525 2994 1618 3050 om·

208 3120 282 3175 nes
316 3121 488 3199 aceruus
521 3109 722 3200 segetum,
756 3107 798 3173 et
830 3093 948 3176 tirsus
990 3093 1210 3175 herbarum
1245 3092 1337 3197 igne
1371 3090 1618 3175 combusse-

208 3229 316 3318 runt,
349 3217 729 3324 ha(3lb)bitat0res
768 3242 936 3323 quoque
978 3243 1072 3298 cum
1116 3213 1321 3300 uniuersis
1362 3212 1618 3298 animalibus

209 3363 353 3420 eorum
386 3339 437 3419 de
470 3339 657 3447 partibus
696 3339 776 3422 illis
817 3366 892 3446 per
923 3333 1033 3444 quas
1069 3335 1195 3419 Cesar
1238 3349 1324 3417 erat
1364 3334 1618 3419 transiturus

207 3461 353 3567 procul
385 3461 662 3544 abduxerunt.
685 3460 876 3569 Cumque
898 3459 1022 3542 Cesar
1054 3459 1245 3542 intrasset
1276 3457 1327 3539 ad
1355 3455 1619 3562 Hungariam

208 3595 250 3661 et
280 3583 462 3666 venisset
493 3579 586 3692 ad⁹)
623 3583 810 3689 regiones
839 3583 1089 3682 combustas,
1122 3608 1260 3690 neque
1294 3579 1493 3661 militibus
1527 3581 1619 3667 suis

207 3703 393 3787 inuenire
424 3706 560 3814 potuit
591 3705 787 3788 victualia
815 3732 893 3786 nec
919 3704 1059 3812 equis3
1081 3717 1122 3784 et
1144 3703 1355 3786 nesciebat
1381 3700 1453 3784 ubi
1479 3727 1618 3788 naues

208 3825 297 3923 eius
330 3842 480 3929 essent,
514 3829 763 3938 nullumque
805 3826 1036 3910 subsidium
1071 3853 1124 3905 ex
1159 3827 1217 3907 eis
1249 3838 1411 3932 poterat
1442 3824 1620 3910 habere.

206 3946 426 4032 Transiens
438 3967 576 4032 antem
597 3951 723 4034 siluas
735 3948 1086 4057 apprepinquauit
1103 3949 1313 4031 montibus
1330 3945 1532 4028 Bodouch
1546 3943 1619 4056 ¹⁰),

208 4071 392 4154 omnium
451 4073 694 4155 victualium
752 4067 988 4179 penuria¹¹)
1037 4072 1241 4154 laborans.
1297 4071 1459 4152 lnterea
1511 4096 1621 4155 vero

207 4258 413 4271 t———un

367 4328 392 4410 ¹)
416 4330 561 4405 Meroth.
591 4333 661 4406 VP.
693 4324 719 4418 ’l
743 4329 794 4403 De
814 4329 916 4404 lertio
937 4331 1083 4404 adventu
1104 4329 1319 4424 imperaturis
1348 4328 1389 4403 Α.
1413 4325 1440 4412 ³)
1467 4352 1618 4423 possun.

208 4435 242 4508 S.
274 4430 301 4514 ⁴)
323 4437 544 4530 pugnandum
559 4440 719 4512 castrum.
738 4429 763 4512 5)
787 4435 943 4530 profecit.
962 4436 1112 4509 Venerat
1131 4436 1221 4509 enim
1236 4440 1300 4509 ete.
1323 4436 1363 4508 de
1385 4433 1620 4512 thhmundo

208 4540 301 4613 sulus
329 4543 431 4614 lnbet
460 4543 529 4617 VP.
550 4537 574 4618 ¹³)
598 4539 782 4614 effeminati
811 4539 1032 4632 eneruatique
1061 4584 1100 4593 -
1130 4581 1175 4592 -
1201 4539 1330 4613 reuersi
1347 4542 1434 4613 sunt
1454 4538 1496 4610 ad
1531 4563 1618 4633 pro-

207 4643 293 4739 pria
324 4643 426 4718 lllnlti
455 4644 545 4719 enim
581 4645 707 4718 milites
735 4687 786 4699 -
815 4687 861 4698 -
891 4644 1014 4717 acriter
1041 4642 1112 4717 Vl‘.
1151 4645 1257 4719 solus.
1287 4644 1396 4718 Ceteri
1425 4666 1545 4719 ornnes
1575 4655 1622 4724 ut

208 4753 334 4823 noster.
366 4748 451 4824 l'ide
479 4750 583 4823 Font.
602 4750 650 4822 ΙΙ.
680 4772 713 4843 p.
747 4752 831 4823 160.
863 4744 889 4830 ⁷)
917 4749 1133 4828 bellaturum.
1163 4750 1240 4824 add.
1272 4744 1297 4827 8)
1323 4749 1536 4830 Guebharth.
1569 4752 1619 4831 V.

209 4851 236 4944 ⁹)
258 4853 305 4930 in.
340 4850 379 4936 ¹⁰)
404 4852 554 4933 Boduu.
585 4854 625 4931 ll.
655 4853 823 4931 Bodohot.
853 4854 887 4930 S.
913 4849 954 4941 ¹¹)
978 4874 1103 4953 genere
1131 4855 1171 4933 B.
