3660 5506
843 164 1000 270 Q

380 379 478 462 128.
512 377 625 460 Idem
660 372 777 486 rex¹)
814 406 922 465 anno
966 382 1122 466 domini
1166 381 1383 465 millesimo
1424 381 1629 464 ducente·

219 504 323 588 simo
358 504 635 610 nonagesimo,
653 504 753 584 feria
785 507 969 589 secunda
1002 507 1190 616 proxima
1218 519 1313 586 ante
1345 506 1497 588 festum
1520 504 1629 585 Mar·

219 621 428 734 garethe²)
462 627 629 732 virginis
663 654 790 735 prope
834 645 1015 712 castrum
1060 624 1299 739 Kyriszugb
1332 629 1385 710 ab
1418 629 1519 735 ipsis
1555 656 1630 708 cu·

220 752 352 832 manis
387 750 539 857 quibus
572 749 787 832 adheserat
821 768 862 834 et
894 746 1167 861 specialiter⁴)
1201 753 1254 832 ab
1280 752 1418 833 Arbua
1451 749 1628 830 Turtule

220 887 261 955 et
292 869 575 980 Kemenche⁵)
609 901 657 953 ae
691 900 833 956 eorum
869 876 1053 982 cognatis
1087 889 1127 955 et
1160 873 1445 981 complicibus,
1470 873 1630 979 quibus

220 996 497 1078 communitas
546 1023 816 1079 curuanomm
869 999 1018 1082 habitis
1067 997 1255 1105 plurimis
1301 995 1548 1077 tractatibus
1587 1009 1631 1075 et

220 1119 398 1227 consilys
446 1115 768 1226 commiserat⁶),
812 1122 853 1201 in
897 1148 972 1204 suo
1014 1115 1231 1224 tentorio⁷)
1274 1118 1409 1199 medio
1453 1118 1629 1199 silencio

220 1242 351 1324 noctis
400 1241 677 1349 oportunitate
722 1240 887 1352 capta⁸)
931 1243 1027 1326 diris
1071 1241 1311 1324 vulneribus
1358 1235 1628 1345 sauciatus⁹)‚

218 1364 507 1446 miserabiliter
547 1377 609 1446 est
653 1362 974 1474 interfectus¹⁰).
1017 1366 1062 1447 ln
1107 1390 1189 1472 quo
1230 1391 1344 1468 rege,
1388 1364 1485 1470 quia
1536 1363 1629 1444 sine

219 1485 370 1567 herede
403 1487 580 1569 decessit
612 1485 764 1569 defecit
795 1516 939 1570 semen
976 1488 1251 1571 masculinum
1288 1501 1524 1568 sanctorum
1562 1512 1626 1564 re-

218 1603 395 1716 gum¹¹).
413 1609 489 1689 Pro
523 1610 641 1692 cuius
664 1605 831 1718 neee¹²)
854 1611 969 1720 lllyze
996 1611 1202 1720 palatinus
1235 1611 1332 1690 olim
1366 1635 1625 1705 sarracenus

219 1745 319 1812 tune
351 1745 490 1811 tamen
524 1733 703 1837 graciam
739 1734 995 1842 baptismatis
1029 1746 1289 1831 consecutus,
1317 1731 1456 1813 audita
1492 1746 1626 1811 morte

219 1854 374 1935 clornini
408 1855 469 1938 sui
504 1853 675 1960 predicti
709 1857 814 1961 regis
847 1857 1037 1956 Larlizlai,
1057 1856 1106 1937 ad
1141 1854 1364 1936 vindictam
1397 1855 1500 1935 tanti
1534 1881 1625 1935 sce-

218 1977 312 2058 leris
346 2003 389 2058 se
412 1977 578 2057 viriliter
611 2004 782 2085 ponens,
810 1980 959 2086 elapsis
980 1979 1187 2086 aliquibus
1220 1978 1366 2060 diebus
1400 1991 1493 2084 post
1514 2004 1625 2056 mor-

218 2112 302 2178 tem
336 2099 465 2206 ipsius
498 2099 615 2204 regis,
635 2126 716 2180 uua
752 2131 846 2183 eum
880 2103 986 2210 Lyae
1018 2103 1140 2182 fratre
1174 2128 1249 2183 sue
1283 2118 1323 2181 et
1354 2099 1522 2180 Nicolao
1542 2099 1624 2178 fra·

218 2233 278 2300 tre
312 2221 472 2301 uterino
506 2222 612 2302 dicte
655 2221 834 2331 Edue¹³)
869 2225 1112 2323 concubine,
1147 2250 1229 2304 una
1272 2223 1431 2304 dierum
1464 2222 1514 2301 ad
1551 2221 1624 2301 de·

219 2369 409 2424 scensum
455 2344 624 2450 predicti
669 2346 806 2428 .·lrbuz
850 2347 1053 2427 veniendo
1096 2348 1210 2452 qua-i
1256 2348 1294 2425 in
1337 2371 1493 2437 aurora,
1529 2371 1624 2449 pre·

218 2464 348 2546 dictos
372 2466 510 2546 Arbua
544 2484 584 2546 et
617 2467 786 2550 Turtule
821 2471 941 2576 cepit,
965 2487 1006 2549 et-
1037 2470 1172 2575 ipsum
1200 2471 1335 2551 Arbua
1369 2467 1494 2547 diuidi
1525 2467 1625 2545 lecit

219 2588 257 2666 iu
303 2588 404 2669 (luas
449 2603 605 2695 partes3
646 2589 815 2673 'l'mtule
862 2618 958 2672 vero
1001 2591 1276 2672 dimembrati.
1322 2590 1434 2670 alios
1479 2605 1622 2669 autem

220 2736 419 2791 cruuanos
461 2711 512 2790 cle
554 2739 704 2816 genere
754 2714 992 2811 eorundem,
1027 2740 1073 2794 ac
1112 2740 1257 2795 omnes
1300 2712 1348 2792 ad
1393 2739 1462 2792 eos
1497 2712 1624 2818 perti·

219 2849 377 2931 nentes,
402 2848 442 2912 et
475 2834 583 2939 quod
620 2833 712 2940 plus
747 2854 807 2916 est
841 2837 970 2917 eciam
1008 2837 1183 2915 infantes
1218 2837 1255 2915 in
1291 2837 1408 2915 cunis
1441 2861 1514 2915 seu
1551 2861 1625 2913 cu·

219 2956 381 3038 nebulis
414 2951 672 3062 iacentes¹⁴),
696 2984 798 3064 (utos
823 2958 1136 3066 apprehendere
1170 2959 1303 3064 [turtur
1335 2951 1516 3060 iussit¹⁵)
1551 2956 1626 3035 (le-

220 3077 370 3156 collari.

382 3251 476 3332 129.
514 3251 716 3359 Tempore
751 3255 858 3335 euim
902 3256 1017 3336 istius
1052 3256 1155 3360 regis
1190 3256 1364 3336 ladizlai
1401 3248 1626 3363 incepit¹⁶)

220 3370 429 3476 Hungaria
462 3400 485 3453 a
518 3401 592 3455 sua
625 3377 842 3481 magnilica
877 3378 1027 3457 reflecti
1060 3374 1251 3484 gloria¹⁷)
1279 3380 1317 3458 in
1353 3405 1472 3461 casus
1505 3378 1627 3461 flebi-

218 3493 277 3573 les
312 3510 351 3573 et
385 3509 572 3578 euentus.
600 3496 810 3604 Ceperunt
836 3501 876 3580 in
912 3528 958 3581 ea
993 3500 1185 3583 intestina
1220 3501 1326 3580 bella
1360 3527 1627 3608 consurgere,

219 3615 406 3698 ciuitates
457 3620 675 3724 confringi,
714 3622 809 3702 ville
852 3650 926 3729 per
974 3623 1283 3704 corrrbustiones
1327 3623 1376 3704 ad
1421 3623 1626 3707 nichilum

378 3891 402 3972 ι)
427 3895 528 3968 celeri
558 3897 757 3970 continuant.
784 3897 876 3990 ipse
897 3899 979 3970 mxl
1003 3900 1067 3972 eto.
1086 3894 1112 3980 'l
1137 3903 1253 3972 saucle
1274 3902 1428 3994 Murgan
1443 3900 1517 3974 VP.
1537 3902 1627 3979 lllal-

218 4005 346 4092 carate.
370 4002 404 4073 S.
424 3995 450 4080 3)
475 4002 659 4095 Keresaeg.
673 4002 749 4077 VP.
764 4003 801 4077 V.
832 4002 1011 4096 Kyrisaeg.
1045 4005 1083 4075 A.
1104 4004 1139 4077 S.
1157 4001 1184 4083 ⁴)
1208 4005 1382 4097 sequentia
1413 4028 1519 4098 usque
1541 4010 1626 4093 „tle-

217 4104 356 4176 rollari‘*
378 4128 442 4176 run.
456 4106 480 4176 V
490 4106 526 4178 l'.
544 4105 779 4199 „spe‹·ialilcr·“
804 4131 867 4178 (rm.
884 4107 922 4180 Α.
940 4108 973 4179 S.
987 4101 1015 4185 5)
1040 4110 1236 4182 Kemiuclre.
1250 4111 1291 4184 V.
1315 4106 1341 4187 “l
1365 4111 1625 4189 commiserunt.

219 4209 266 4282 V.
300 4203 324 4294 7)
349 4208 536 4282 territorio.
567 4211 606 4283 V.
639 4206 664 4285 ⁸)
688 4218 837 4303 uolatu.
867 4213 906 4283 V.
939 4207 965 4287 “r
989 4237 1053 4285 nm.
1086 4215 1125 4288 t.
1156 4215 1187 4285 S.
1223 4210 1262 4293 ¹⁰)
1294 4220 1346 4285 est
1375 4215 1628 4292 miserabiliter

220 4312 281 4387 inl.
314 4314 354 4386 ll.
385 4312 420 4386 S.
462 4314 501 4388 V.
542 4314 635 4388 lracr.
675 4317 778 4388 habel
815 4315 916 4388 eliam
947 4314 1022 4391 VP.
1056 4314 1096 4395 11)
1123 4319 1232 4411 inquo
1262 4363 1307 4370 ---
1338 4341 1466 4411 regum.
1495 4321 1628 4396 desunt·

220 4417 251 4488 iu
283 4419 323 4490 V.
354 4417 394 4502 Α.
425 4423 459 4489 ot
487 4417 522 4492 S.
557 4413 598 4497 ¹²)
626 4420 802 4511 sequentia
836 4441 941 4511 usqua
974 4422 1178 4512 „unatim-r
1210 4423 1338 4496 hubent.
1368 4422 1410 4496 ll.
1442 4424 1488 4500 V.
1517 4427 1625 4502 ‹nnit-

221 4526 298 4592 luul
326 4521 370 4595 Α.
401 4521 424 4592 S
457 4518 664 4615 'banilo
700 4523 739 4597 V.
775 4520 813 4611 ¹⁴)
840 4527 874 4595 el
903 4527 1121 4618 urrtmrplures
1159 4527 1261 4599 eliam
1296 4528 1354 4600 iul.
1395 4551 1510 4603 eorum
1558 4555 1622 4612 ceu

219 4625 397 4697 currabulis
427 4624 588 4700 iacentes.
617 4627 658 4700 V.
692 4621 732 4707 ¹ll
759 4625 850 4700 fecit..
880 4627 926 4703 V.
949 4621 1001 4710 '¹‘³)
1018 4629 1118 4724 cepit.
1153 4624 1193 4718 17)
1221 4633 1331 4728 gloria
1350 4633 1421 4708 rell.
