3592 5490
810 315 967 417 ἕ)-

190 527 357 607 nomine
390 519 614 636 Monyorod
629 524 658 635 ¹)
701 520 971 612 interiacebat
1002 518 1245 625 eaereitum,
1280 536 1321 605 et
1351 522 1587 605 lucescente

191 648 337 755 quinta
378 649 479 730 feria
512 651 708 733 volebant
750 652 935 759 preliari3
968 651 1040 735 sed
1084 646 1329 730 densissima
1360 644 1587 727 obscuritas

191 771 526 877 superuenientis
574 775 728 855 nebule
776 801 846 857 eos
895 772 1124 883 impediuit.
1166 769 1295 850 Nocte
1336 793 1434 848 vero
1484 766 1588 847 inse·

192 893 337 999 quenti
371 894 599 977 dextrarios
627 923 723 978 suos
746 924 820 1004 per
840 899 1024 980 habenas
1052 895 1091 975 in
1126 891 1319 973 manibus
1350 882 1588 994 tenebant&

192 1031 233 1095 et
265 1029 399 1097 ortum
444 1017 540 1099 solis
583 1019 925 1125 prestolabantur.
970 1018 1016 1099 ln
1061 1015 1244 1096 diluculo
1287 1025 1429 1093 autern
1473 1024 1588 1093 sexte

189 1138 289 1219 ferie
322 1164 397 1217 rex
431 1140 625 1221 ordinatis
651 1142 885 1245 agminibus
913 1141 998 1223 suis
1025 1137 1228 1245 equitauit
1254 1148 1365 1216 trans
1392 1133 1586 1215 verticem

190 1260 341 1341 montis
374 1259 599 1370 Monyorod
635 1277 676 1342 et
710 1264 894 1370 precepit
911 1257 1165 1371 salmarys3),
1184 1259 1286 1340 utin
1321 1259 1449 1337 latere
1484 1255 1587 1337 eius·

190 1383 285 1463 dem
320 1384 471 1464 montis
504 1380 849 1492 per·manerent⁴),
884 1399 1091 1492 quatenus
1127 1383 1266 1463 hostes
1283 1379 1473 1461 videntes
1507 1391 1586 1458 tur-

192 1531 280 1586 mas
313 1503 475 1586 illorum
511 1532 592 1587 non
622 1509 813 1607 sarsinas,
833 1509 904 1588 sed
939 1509 980 1588 iu
1013 1505 1190 1614 presidio
1224 1502 1469 1583 constitutos
1501 1527 1586 1582 esse

190 1624 437 1734 putarent⁵).
468 1627 548 1708 Sed
585 1643 626 1709 et
658 1629 785 1711 duces
817 1624 1024 1735 summol)
1057 1653 1179 1708 mane
1212 1651 1308 1708 suas
1341 1622 1452 1705 acies
1484 1621 1586 1703 ordi·

189 1763 407 1831 nauerunt.
450 1749 548 1832 Dux
598 1765 737 1832 autem
781 1753 995 1834 ladislaus
1039 1762 1134 1831 aute
1185 1748 1416 1829 exereitum
1467 1773 1586 1827 suum

187 1898 314 1979 super
345 1872 519 1953 arduum
556 1901 709 1981 equum
754 1874 939 1955 residens
972 1873 1108 1979 graeia
1141 1868 1386 1951 exhortandi
1420 1894 1519 1950 suos
1551 1881 1588 1947 et

188 1993 411 2095 animandi,
445 1996 485 2075 in
519 1997 653 2100 girum
686 1995 803 2076 flexit
836 1997 1030 2077 habenas
1067 1993 1259 2100 Curiique
1291 1989 1495 2096 tetigisset
1521 2016 1587 2070 ve·

190 2111 324 2223 presl)
343 2116 484 2197 lancea
519 2117 695 2223 quedam
736 2119 977 2198 hermelliua
1009 2117 1219 2198 albissima
1251 2114 1400 2194 mirum
1437 2111 1477 2192 in
1504 2139 1588 2194 mo·

189 2239 288 2318 dum
322 2240 466 2319 laueee
500 2240 588 2322 eius
630 2239 792 2340 insedit,
827 2257 868 2322 et
910 2267 1036 2349 super
1075 2239 1208 2346 ipsam
1251 2234 1519 2318 discurrendo
1550 2235 1588 2314 in

188 2361 325 2442 sinum
360 2361 448 2443 eius
482 2389 614 2468 usque
649 2363 828 2444 deuenit.
866 2361 971 2444 Cum
1005 2375 1144 2444 autem
1179 2359 1450 2440 commissum
1484 2370 1591 2439 esset

190 2482 366 2589 prelium
402 2482 491 2592 Vyd
527 2512 668 2566 eornes
702 2500 743 2565 et
777 2484 1019 2567 bachienses
1051 2485 1092 2564 in
1126 2483 1258 2590 primo
1290 2481 1374 2562 ictu
1408 2505 1433 2561 a
1464 2479 1591 2561 bohe-

190 2605 268 2685 mis
297 2605 585 2687 miserabiliter
612 2620 709 2688 sunt
734 2607 935 2714 prostrati.
958 2607 1171 2688 Ladislaus
1199 2616 1338 2685 autem
1365 2602 1453 2683 dux
1480 2628 1591 2683 eom·

190 2742 425 2808 rmrtauerat
456 2724 613 2835 sigua⁵)
647 2757 743 2810 eum
762 2730 918 2810 vexillo
952 2729 1069 2811 dueis
1103 2728 1238 2835 Geyse
1271 2752 1358 2824 sua,
1377 2752 1426 2806 ea
1458 2725 1591 2804 inten-

190 2849 309 2928 oiono
343 2851 451 2956 quod
497 2851 689 2931 Salamon
735 2852 934 2933 audacius
976 2848 1333 2931 inuaderetillud
1367 2874 1518 2952 agmen
1553 2847 1589 2927 iu

191 2997 273 3077 quo
307 2973 424 3077 signa
465 2972 600 3082 Geyse
643 2974 912 3077 gestabantur
953 2974 1073 3080 (lla)
1115 2984 1266 3078 putans
1310 2997 1400 3050 esse
1443 2994 1592 3073 agmen

190 3095 326 3202 Geyse
368 3122 492 3200 quem
538 3124 672 3203 nuper
714 3091 978 3202 deuicer·at⁹).
1022 3093 1119 3173 Dux
1163 3086 1337 3199 enim¹⁰)
1378 3091 1591 3173 Ladislaus

190 3216 411 3296 affectabat
444 3219 649 3298 custodire
682 3219 847 3299 fratrem
892 3246 1014 3299 suum
1049 3217 1226 3324 Geysam
1261 3215 1412 3296 duoem
1444 3213 1498 3294 ab
1532 3213 1591 3293 in·

190 3337 301 3418 sultu
343 3336 650 3446 Salomonis¹¹)‚
696 3356 736 3419 et
780 3342 872 3421 ideo
915 3341 1067 3447 primos
1111 3339 1292 3445 impetus
1334 3335 1430 3417 belli
1474 3335 1514 3415 in
1548 3362 1591 3417 se

190 3454 384 3567 voluit¹²)
403 3463 592 3568 experiri.
615 3463 703 3542 llex
738 3464 876 3569 itaque
911 3490 1007 3543 euru
1036 3460 1218 3542 venisset
1249 3459 1300 3539 ad
1333 3485 1482 3563 agmen
1516 3457 1591 3538 La·

191 3580 321 3683 dislai,
356 3583 445 3689 ipso
480 3585 654 3687 cognite,
678 3585 823 3665 timore
857 3586 945 3666 eius
980 3583 1218 3690 perterritus
1252 3581 1436 3688 precepit
1468 3579 1591 3685 sigui-

190 3703 286 3784 feris
320 3704 526 3785 declinare
551 3701 721 3812 labia¹³)
745 3734 871 3813 super
887 3708 1051 3812 agmina
1079 3705 1213 3812 Geyse
1232 3703 1360 3785 dueis.
1377 3701 1594 3784 Ladislaus

191 3838 329 3906 autem
366 3827 509 3907 videns
544 3856 680 3933 regem
715 3857 787 3936 pro
821 3829 966 3909 timore
1000 3828 1216 3909 diuertisse
1244 3852 1267 3905 a
1300 3853 1343 3906 se
1379 3825 1469 3932 ipse
1512 3825 1594 3931 pri·

190 3942 380 4054 mitus¹⁴)
405 3949 589 4031 ornnium
625 3951 741 4031 irruit
773 3978 899 4058 super
930 3951 1097 4056 agmina
1129 3947 1246 4053 regis,
1265 3948 1489 4054 cunctique
1516 3947 1593 4027 mi·

190 4069 281 4151 lites
314 4071 378 4153 sui
410 4070 612 4178 impetum
646 4073 835 4154 fecerunt
866 4099 992 4180 super·
1024 4101 1119 4153 eum
1153 4085 1328 4174 atergo.
1352 4067 1431 4149 Sed
1466 4080 1509 4149 et
1542 4096 1593 4150 ex

190 4296 397 4304 -----η

351 4379 376 4464 ¹)
401 4382 458 4475 qui
486 4383 611 4456 dieitur
638 4385 810 4458 monorod.
841 4384 879 4462 S.
911 4379 938 4466 ¹)
963 4387 1130 4472 tenentes,
1159 4386 1281 4455 ortum.
1313 4377 1340 4459 3)
1364 4381 1593 4456 salmonariis.

191 4487 226 4560 S.
257 4482 283 4562 4)
307 4493 532 4561 remanerent.
565 4483 591 4567 5)
615 4489 797 4563 Sermones
825 4489 984 4563 comitum
1013 4487 1079 4561 Vid
1121 4491 1155 4560 et
1183 4485 1286 4559 Ernei
1323 4485 1513 4578 interponit
1559 4493 1595 4560 et

191 4590 344 4664 ordinem
372 4591 456 4665 aciei
486 4593 617 4666 dueum.
648 4594 724 4669 VP.
757 4590 782 4674 ὕ)
812 4595 989 4688 Supremo.
1024 4592 1058 4665 S.
1100 4587 1125 4669 7)
1156 4613 1305 4684 veprem.
1343 4585 1370 4668 8)
1401 4613 1473 4664 sua.
1514 4592 1593 4665 add.

194 4690 220 4770 9)
245 4701 370 4788 prrans
399 4740 448 4750 —
477 4697 662 4771 deuicerat.
691 4720 756 4770 om.
787 4700 821 4771 S.
862 4697 903 4778 ¹⁰)
932 4701 1058 4770 autem.
1092 4693 1132 4777 ¹¹)
1160 4695 1361 4769 Salomonis.
1400 4694 1526 4769 iterato
1555 4699 1593 4771 S.

199 4798 238 4881 u)
268 4800 398 4874 maluit.
433 4796 648 4896 1’lagmina
677 4803 751 4877 VP.
785 4799 825 4886 ¹⁴)
849 4803 956 4898 prius.
985 4801 1022 4878 S.
1051 4799 1181 4895 primus
1209 4801 1285 4876 VP.
