3592 5490
819 345 974 444 Il.-

196 559 276 641 iam
321 559 509 641 collocati
552 561 726 660 fuerant,
761 587 813 639 ex
858 560 1010 666 quibus
1051 561 1245 642 forciores
1281 574 1323 641 et
1362 560 1626 679 audaciores

196 682 391 791 sagittary
424 683 730 766 descenderunt
762 684 802 763 in
833 684 1016 764 medium
1046 678 1229 790 diuexi¹)
1256 684 1408 765 montis
1434 685 1603 765 uthun·

196 832 315 913 garos
348 807 401 888 ab
437 833 612 889 ascensu
646 806 796 886 montis
831 805 974 912 procul
1008 807 1261 888 abaroerent.
1292 805 1503 914 Ceperunt
1529 806 1603 887 ita·

197 957 280 1037 qne
312 930 606 1037 tempestuosis
649 929 864 1038 ymbribus
906 928 1243 1010 densissimarum
1278 930 1519 1035 sagittarum
1563 929 1603 1009 in

196 1064 355 1134 turmas
387 1052 597 1157 legionum
642 1051 747 1156 regis
781 1067 822 1130 et
854 1051 970 1132 ducis
1014 1051 1215 1132 deseuire.
1255 1051 1433 1147 Quidam
1475 1051 1604 1132 incliti

197 1175 350 1257 milites
368 1174 647 1280 hungarorum
668 1174 873 1255 irruerunt
890 1200 1016 1280 super
1034 1174 1123 1256 illos
1141 1174 1380 1279 sagittarios,
1399 1187 1441 1254 et
1457 1200 1603 1280 quam·

197 1297 337 1404 plures
362 1324 414 1377 ex
445 1297 568 1378 eisin
595 1298 722 1377 latere
751 1296 937 1378 eiusdem
965 1296 1117 1377 montis
1144 1297 1395 1399 occiderunt,
1419 1313 1459 1377 et
1484 1297 1603 1377 valde

196 1420 321 1528 pauci
355 1446 485 1527 equos
524 1446 622 1501 suos
666 1419 845 1500 arcubus
889 1419 974 1500 suis
1007 1419 1264 1499 verberando
1306 1432 1501 1524 urgentes
1533 1419 1603 1499 vix

198 1543 250 1622 ad
284 1543 417 1624 socios
450 1568 547 1624 snos
584 1542 808 1623 ascendere
843 1552 1078 1647 potnerunt.
1112 1541 1201 1621 Rex
1236 1555 1376 1623 autem
1410 1539 1604 1622 Salomon

198 1664 397 1746 acerrime
437 1665 708 1746 animositatis
746 1663 920 1744 audacia
962 1664 1262 1745 fremebundus
1306 1691 1381 1772 per
1412 1664 1604 1769 grauissi-

197 1816 313 1868 mum
348 1814 569 1870 ascensum
603 1814 698 1867 cum
734 1787 897 1891 agmine
927 1812 1003 1866 suo
1037 1787 1156 1894 quasi
1184 1781 1425 1894 reptando²)
1453 1786 1504 1866 ad
1532 1813 1603 1893 pa·

197 1936 326 2015 ganos
360 1910 557 2009 ascendit,
584 1911 653 2016 qui
675 1936 801 2016 super
834 1936 928 1988 eum
964 1909 1230 1990 densissimos
1254 1909 1492 2014 sagittarum
1515 1937 1605 2016 ym-

198 2035 292 2114 bres
336 2033 617 2116 ellimdebant..
663 2030 760 2110 llnx
806 2045 944 2111 autem
984 2034 1121 2140 (leysa
1160 2032 1267 2112 sicut
1313 2047 1399 2112 erat
1442 2058 1607 2137 semper

197 2156 397 2262 prouidus
430 2182 504 2261 per
544 2154 741 2235 leuiorem
786 2180 1004 2234 ascensum
1040 2154 1270 2236 ascendens
1303 2154 1459 2257 sagittis
1492 2153 1608 2234 irruit

196 2305 324 2385 super
356 2276 508 2358 Cnnos.
532 2276 661 2357 Cuius
694 2277 818 2357 frater
850 2276 1063 2356 ladizlaus
1092 2291 1270 2382 rpratuor
1295 2303 1347 2356 ex
1375 2274 1605 2357 fortissimis

197 2400 370 2506 paganis
403 2400 535 2507 primo
569 2400 729 2505 impetu
764 2399 976 2495 interiecit,
1002 2414 1042 2478 ct.
1063 2426 1084 2478 u
1105 2400 1249 2504 quinto
1283 2425 1426 2478 eorum
1460 2398 1606 2502 sagitta

195 2523 376 2627 grauiter
422 2535 484 2601 cst
518 2522 764 2622 volneratus,
799 2535 840 2600 ct
873 2522 1018 2600 eodem
1064 2547 1160 2600 mox
1197 2522 1322 2627 (arob)
1355 2520 1509 2601 ibidem
1543 2521 1605 2600 in·

196 2646 381 2747 loricato,
416 2645 680 2750 pnsumnlnm
716 2643 858 2722 diuina
885 2645 1153 2723 miseracione
1180 2671 1205 2723 a
1230 2645 1400 2724 vnlnere
1434 2642 1502 2722 illo
1524 2643 1604 2724 cito

196 2782 263 2848 cst
294 2781 475 2849 sanatus.
522 2767 672 2870 l'agani
704 2792 801 2845 vero
844 2766 1098 2847 atrocissima
1143 2767 1283 2846 rmntis
1325 2766 1513 2846 illacione
1551 2767 1603 2847 ab

195 2890 394 2993 hungaris
442 2889 632 2990 (enarrari,
679 2888 964 2969 miserabiliter
1007 2889 1230 2992 l'ugicbant.
1276 2887 1388 2982 (litos
1432 2888 1603 2992 hungari

195 3011 374 3092 celerius
405 3025 704 3118 persequentes
738 3011 997 3091 :acutissimos
1038 3011 1193 3115 gladios
1227 3036 1323 3092 snos
1357 3023 1398 3090 ct
1429 3010 1603 3090 sitibun-

195 3135 273 3214 dos
307 3134 346 3213 in
366 3124 637 3238 sanguinibus
657 3133 866 3213 (birrorum
888 3134 1207 3214 ineluiauerunt.
1228 3130 1371 3237 Capita
1406 3132 1560 3238 ‹sprippc
1571 3127 1602 3237 ³)

194 3255 481 3337 Cumanorum
516 3257 678 3336 nouiter
721 3283 823 3355 rasa,
857 3269 1069 3361 tamquam
1115 3256 1350 3334 circurbitas
1384 3255 1432 3335 ad
1470 3268 1603 3333 matu-

194 3379 358 3458 ritatem
395 3379 577 3459 nondum
614 3378 720 3457 bene
767 3379 985 3483 perductas
1027 3378 1253 3481 gladiorum
1302 3376 1449 3456 ictibus
1483 3375 1603 3456 (lisci-

195 3501 360 3581 dormit.

354 3619 761 3728 flavianumque
790 3622 1053 3703 beatissinms
1082 3623 1167 3703 ‹lnx
1198 3614 1452 3726 ladislaus&
1477 3619 1602 3726 (36b)

194 3774 329 3826 unum
364 3741 570 3850 Curuun⁵)
605 3744 676 3850 qni
709 3770 835 3850 super
855 3745 1019 3825 dorsum
1046 3744 1141 3850 eqni
1167 3745 1229 3824 sui
1263 3743 1444 3824 (lucebat
1475 3768 1601 3822 unam

197 3866 381 3974 puellam
417 3867 644 3971 hungarum
665 3866 909 3972 speciosam.
932 3865 1108 3948 Sanctus
1141 3893 1236 3971 ergo
1269 3866 1355 3945 dux
1389 3865 1603 3945 ladislaus

196 4003 349 4097 putans
383 3989 494 4070 illam
530 4016 619 4070 esse
652 3988 777 4067 liliam
813 3989 997 4096 episcopi
1033 3983 1362 4094 Waradicnsis⁶)‚
1382 4001 1423 4068 et
1455 4013 1601 4094 qnam·

191 4112 256 4192 uis
290 4126 399 4192 essct
431 4111 610 4216 grauiter
641 4111 893 4214 vulneratus
929 4128 1064 4191 tamen
1107 4111 1221 4190 illum
1257 4111 1469 4191 celerrime
1504 4137 1595 4216 per·

190 4246 360 4315 secutus
394 4248 455 4315 cst
487 4261 613 4341 super
630 4260 783 4338 equum
810 4233 922 4314 illum
948 4261 1070 4339 quem
1097 4234 1184 4338 Zug
1215 4233 1467 4314 nominalmt.
1487 4231 1592 4313 Cum

192 4371 332 4436 antem
367 4357 585 4460 attingeret
620 4369 664 4435 ut
697 4383 792 4435 cum
836 4357 1055 4456 lancearet,
1090 4355 1259 4435 minime
1293 4369 1464 4462 poterat,
1498 4354 1596 4460 quia

192 4505 270 4558 nec
305 4504 437 4584 equus
472 4479 560 4557 eius
593 4477 766 4558 celerius
787 4480 988 4581 currebat,
1008 4505 1085 4558 nec
1103 4505 1236 4583 equus
1265 4478 1372 4559 illius
1405 4478 1596 4582 aliquam.

192 4684 400 4693 ..ss

354 4751 378 4840 ¹)
402 4755 536 4828 denari.
559 4749 585 4835 ²)
611 4756 811 4848 reputando.
833 4755 867 4826 b.
890 4749 917 4834 8)
945 4753 1089 4847 quidem.
1113 4754 1148 4826 S.
1171 4750 1198 4835 ⁴)
1223 4755 1306 4826 lrarl.
1329 4754 1408 4826 dux.
1440 4747 1466 4834 ⁵)
1489 4775 1580 4847 paga

192 4882 325 4933 norum.
358 4855 383 4942 ²⁵)
409 4858 633 4932 uarodiensis.
664 4861 699 4932 S.
