3660 5506
813 300 855 367 88

137 509 247 594 enim
280 501 532 620 cognouerat
564 543 637 596 rex
679 513 873 599 Salomon
919 515 1030 624 quod
1072 543 1154 597 nou
1197 513 1470 596 auxiliaretur
1502 509 1540 594 ei

136 635 328 719 dominus
362 637 403 718 in
435 638 558 741 belle,
582 651 624 718 et
655 638 695 718 in
731 640 877 721 eadem
912 653 1032 721 nocte
1066 637 1230 742 collegit
1261 664 1305 719 se
1337 635 1541 719 festinau-

133 769 196 838 ter
227 758 267 838 in
302 758 452 841 lllusun
487 775 528 840 et
561 761 704 864 Posou,
740 791 822 871 que
856 774 988 843 castra
1025 762 1105 842 iam
1149 759 1310 866 pridem
1342 758 1540 842 muniue-

135 896 208 962 rat.
241 879 412 962 Matrem
448 909 615 991 quoque
649 897 691 964 ct
723 912 896 967 uxorem
931 912 1048 966 suam
1084 882 1250 991 quando
1283 880 1324 962 in
1359 880 1541 989 prelium

134 1003 209 1085 iuit
240 1002 323 1084 illic
355 1004 587 1110 reliquerat,
622 1007 675 1087 ob
709 1035 834 1114 quam
875 1034 1042 1089 causam
1078 1006 1211 1087 victus
1245 1005 1283 1084 in
1318 1003 1450 1112 prelio
1486 1004 1543 1085 ob

134 1126 321 1207 timorem
356 1126 524 1230 ducum,
560 1128 613 1209 ibi
648 1158 693 1212 sc
726 1131 884 1238 recepit
896 1126 937 1237 ¹).

277 1419 365 1521 (Do
394 1423 694 1504 coronacione
723 1419 909 1527 (ἤγεθ’)
936 1423 1078 1527 regie.
1104 1419 1162 1503 A.
1191 1418 1237 1503 S.
1264 1417 1391 1520 VH)

292 1635 390 1714 106.
407 1634 530 1715 Porro
563 1637 691 1719 duces
724 1638 861 1747 Geysa
893 1651 934 1719 et
965 1637 1178 1718 Ladislaus
1218 1661 1313 1715 cum
1347 1630 1543 1713 exercitu

135 1755 283 1837 Albam
318 1770 528 1857 venerant,
547 1758 697 1841 deinde
720 1775 901 1844 castrum
936 1773 1052 1866 porte
1087 1749 1299 1862 bomem)
1322 1769 1364 1836 et
1383 1754 1542 1836 Albam

132 1905 180 1957 ao
212 1878 293 1958 alia
329 1892 462 1961 castra
502 1880 816 1965 fortissimorum
861 1883 1038 1964 rnilitum
1073 1879 1251 1988 presidio
1285 1876 1542 1978 munientes

131 1998 384 2108 dimissoque
418 2003 606 2084 exercitu
639 2004 883 2088 habitabant
914 2006 955 2085 in
989 2001 1213 2109 Huugaria.
1246 2000 1363 2081 'l'unc
1396 1999 1543 2108 Geysa

131 2121 216 2202 dux
251 2121 426 2229 Magnus
459 2126 807 2232 compellentibus
852 2127 1046 2232 lruugaris
1079 2150 1273 2208 coronam
1316 2120 1431 2226 regni
1466 2148 1542 2203 su·

130 2244 272 2351 scepit.
313 2245 409 2328 Post
450 2249 762 2331 coronacionern
807 2263 947 2332 autem
982 2249 1153 2331 veniens
1195 2246 1233 2326 iu
1278 2245 1415 2326 locum
1462 2244 1542 2327 ubi

129 2367 238 2448 lacta
265 2368 371 2449 ,visio
413 2368 558 2472 fuerat,
593 2384 634 2451 et
677 2386 879 2481 ceperunt
920 2400 1015 2453 cum
1058 2373 1181 2452 fratre
1225 2393 1301 2450 suo
1341 2365 1541 2448 Ladislao

128 2515 360 2597 proponere
394 2491 445 2571 de
478 2491 569 2573 loco
601 2494 862 2577 fundamenti
906 2494 1080 2576 ecclesie
1114 2493 1164 2573 ad
1207 2491 1404 2571 honorem
1442 2487 1540 2570 Vir-

129 2611 232 2715 ginis
264 2608 433 2720 Marie⁵)
465 2613 759 2725 fabricande⁸).
792 2617 843 2698 Et
885 2617 984 2698 dum
1024 2616 1080 2697 ibi
1112 2627 1267 2697 starent
1299 2611 1418 2693 iuxta
1454 2609 1539 2692 Va·

128 2733 246 2834 ciam,
281 2735 353 2817 ubi
385 2764 498 2817 nuuc
532 2751 594 2817 est
628 2740 805 2822 ecclesia
837 2741 951 2821 Beati
987 2738 1091 2819 Petri
1123 2734 1311 2844 apostoli,
1340 2734 1532 2841 apparuit

130 2855 187 2938 eis
220 2883 369 2940 ceruus
402 2859 562 2941 habens
595 2888 751 2944 cornua
784 2863 908 2970 plena
949 2859 1132 2942 candelis
1174 2857 1428 2955 ardentibus,
1464 2884 1522 2938 ce«

128 2977 272 3085 pitque
313 2981 455 3085 fugere
497 3007 633 3064 coram
680 2985 739 3067 eis
772 3012 916 3067 versus
956 2984 1117 3084 siluam,
1159 2995 1200 3060 et
1242 2979 1282 3059 in
1325 2979 1416 3059 loco
1460 2980 1514 3062 ul

127 3128 238 3180 nunc
272 3114 333 3182 est
366 3106 664 3187 monasterium
696 3107 789 3188 fixit
822 3106 949 3214 pedes
982 3131 1091 3188 suos.
1113 3102 1235 3209 (4221)
1259 3099 1393 3195 Quem
1428 3101 1503 3183 dur

127 3222 276 3304 milites
310 3225 560 3330 sagittarent,
588 3229 760 3336 proiecit
791 3257 835 3310 se
869 3230 909 3308 in
943 3227 1198 3326 Danubium,
1218 3236 1260 3305 et
1292 3249 1388 3304 eum
1423 3223 1498 3304 ultr

128 3369 210 3423 non
245 3345 445 3428 viderunt.
493 3346 584 3443 Quo
617 3352 705 3435 viso
748 3354 895 3434 beatus
936 3350 1151 3432 Ladislaus
1193 3346 1270 3427 ait:
1304 3343 1413 3425 Vere
1447 3373 1490 3426 nr

127 3493 274 3547 coruus
307 3469 377 3549 sed
413 3471 583 3575 augelus
603 3473 679 3554 Dei
713 3489 811 3554 erat.
830 3472 880 3553 Et
911 3472 1016 3553 dixit
1049 3472 1185 3578 Geysa
1218 3495 1313 3550 rex:
1345 3464 1481 3548 Dion

127 3587 192 3667 clri
226 3588 374 3669 dilecte
406 3594 541 3692 frater,
566 3596 663 3701 quid
698 3595 784 3677 fieri
817 3594 963 3676 volunt
995 3620 1141 3676 omnes
1174 3590 1346 3672 candele
1380 3591 1473 3670 ardr

125 3726 187 3790 tes
221 3710 306 3792 vise
340 3713 378 3791 in
422 3715 616 3797 cornibus
659 3718 799 3798 cerui?
839 3717 1067 3825 Respondit
1106 3716 1254 3796 beatus
1298 3711 1464 3794 Ladisla

124 3830 214 3911 Nou
248 3848 346 3914 suut
378 3861 532 3917 cornua
562 3839 634 3920 sed
668 3840 744 3940 ale,
779 3865 861 3919 nou
894 3853 992 3922 sunt
1024 3837 1195 3919 candele
1229 3834 1422 3917 ardentes

123 3980 261 4059 penne
293 3954 512 4060 fulgentes.
538 3960 668 4043 Pedes
701 3988 798 4043 vero
832 3961 934 4065 fixit,
963 3962 1061 4069 quia
1091 3958 1149 4040 ibi
1181 3959 1320 4039 locum
1353 3957 1447 4037 derr

124 4078 269 4158 strauit
301 4090 347 4159 ut
380 4080 597 4162 ecclesiam
631 4084 752 4164 beate
785 4084 940 4189 Virgini
979 4110 1061 4164 nou
1096 4082 1195 4163 alias
1228 4079 1304 4161 uisi
1340 4078 1408 4159 hio

124 4197 237 4279 ficari
268 4200 513 4286 faceremus.
551 4204 606 4284 Ut
638 4219 778 4286 autem
820 4207 938 4289 locus
981 4206 1112 4313 prime
1145 4202 1313 4285 visionis
1357 4227 1430 4281 nor

123 4320 213 4403 sine
247 4321 405 4404 edificio
438 4351 463 4404 a
495 4326 633 4434 Geysa
668 4355 761 4432 rege
795 4342 836 4410 et
868 4357 892 4410 a
922 4330 1115 4410 fratribus
1149 4320 1275 4431 suisl)
1309 4324 1422 4404 decr<

284 4595 308 4675 ¹)
332 4601 374 4674 ob
404 4623 502 4694 quam
530 4645 580 4658 -
610 4603 748 4699 recepit.
784 4626 849 4677 orn.
885 4606 925 4678 V.
957 4601 984 4687 ²)
1008 4626 1122 4699 gerse.
1152 4604 1186 4677 S.
1217 4599 1244 4684 ³)
1268 4601 1404 4675 Deuictr

121 4706 269 4798 gatoque
296 4702 477 4780 Salomone
505 4706 619 4803 Geysa
643 4710 712 4783 dux
741 4709 775 4783 in
804 4710 944 4784 ciuitate
973 4709 1064 4784 Albo
1092 4732 1216 4783 corona
1255 4707 1352 4801 regia
1381 4730 1396 4779 r

122 4813 188 4885 tur.
218 4809 258 4884 B.
289 4804 317 4894 ‘l
340 4810 479 4887 bobuth.
511 4807 539 4893 ⁶)
565 4813 698 4890 matris.
730 4811 757 4898 l)
781 4813 991 4892 lubricando.
1021 4815 1055 4889 S.
1089 4809 1115 4896 ²)
1141 4814 1213 4888 suis
1239 4813 1341 4887 fratr,
1372 4813 1388 4882 l
