3592 5490
867 369 1021 473 Q

244 584 393 669 devote
434 584 722 671 derosolimam
768 613 965 694 pergens,
999 587 1154 669 ibidem
1196 590 1384 697 migrarit
1426 593 1477 673 ad
1511 594 1647 675 domi-

243 736 358 791 num.
392 708 521 792 Cuius
553 712 704 793 festum
737 708 893 791 ibidem
921 709 1162 792 celebratur.

398 842 545 925 xvn.
572 844 689 925 Belo.
707 866 790 925 rex
808 864 929 923 anno
948 842 1121 925 domini
1137 846 1268 928 12³5.
1314 834 1502 941 Strigonit
1552 838 1647 943 qni-

246 953 360 1069 escit,
395 968 436 1033 et
469 954 653 1059 regnarit
685 954 803 1035 aruris
837 954 906 1033 35.
941 953 1039 1034 Bela
1071 982 1144 1034 rex
1179 982 1288 1037 arrno
1322 956 1475 1039 dmniui
1514 961 1645 1062 1235,

243 1074 351 1157 lilius
394 1075 502 1177 eius,
547 1091 640 1183 post
672 1104 766 1158 eum
802 1092 1032 1157 coronatus.
1067 1075 1195 1159 Ctrius
1229 1096 1413 1189 tempore
1448 1082 1647 1163 tlrartlrari

243 1225 340 1279 cum
373 1198 594 1305 quinquies
627 1198 811 1279 centenis
846 1197 1012 1278 milibus
1044 1216 1293 1281 annatornm
1330 1230 1501 1308 regnum
1522 1204 1646 1285 Hnn·

242 1320 377 1426 gariae
411 1320 676 1401 intrauermrt.
719 1319 871 1401 Contra
910 1347 1014 1425 quos
1055 1348 1126 1401 rex
1170 1324 1395 1429 proelians3
1442 1327 1510 1406 nbi
1555 1328 1647 1407 lere

242 1442 497 1549 extinguitur
545 1443 688 1523 militia
735 1443 936 1523 universa.
987 1442 1075 1523 lter
1123 1445 1283 1549 l'ugIens
1331 1448 1382 1527 ad
1426 1476 1550 1529 mare.
1587 1448 1642 1531 Et

242 1565 437 1646 tlrartlrari
479 1566 609 1647 tribus
650 1565 768 1645 renuis
812 1565 852 1644 in
895 1592 1018 1669 regno
1063 1587 1389 1671 pennensernnt.
1436 1569 1524 1650 Hoc
1560 1571 1643 1652 luit

242 1703 428 1795 tempore
465 1690 593 1769 1241.
631 1688 808 1768 Reverso
842 1713 947 1791 rege,
972 1705 1114 1767 crmtra
1136 1688 1290 1769 Nrrram
1311 1691 1517 1772 civitatem
1539 1720 1642 1774 curn

242 1809 446 1891 Friderico
479 1810 586 1891 duee
621 1809 810 1891 :lustriae
842 1808 998 1889 bellum
1029 1809 1189 1903 balmit,
1235 1812 1273 1891 in
1319 1842 1402 1919 quo
1445 1814 1532 1895 dux
1580 1836 1649 1897 est

243 1932 504 2031 interfectus;
531 1960 604 2013 rex
639 1947 780 2013 autem
816 1931 971 2013 bellum
1004 1932 1191 2039 perdidit.
1242 1934 1392 2016 lterum
1436 1964 1506 2017 rex
1543 1966 1646 2019 eum

242 2055 438 2135 Ottolraro
473 2082 566 2160 rege
603 2055 872 2137 bohemorum
916 2054 1023 2133 circa
1053 2053 1261 2135 lloravam
1296 2056 1535 2139 conllictmn
1571 2059 1649 2141 lra-

243 2176 353 2277 buit;
385 2204 411 2257 a
442 2204 525 2284 quo
560 2178 708 2258 boemo
741 2177 874 2257 victus
906 2176 1010 2280 fugit
1043 2177 1150 2257 eina
1183 2176 1478 2284 llainburgrun.
1504 2180 1647 2263 Huius

241 2300 366 2381 etiam
415 2314 601 2406 tempore
645 2300 764 2407 plebs
810 2297 980 2403 flagellis
1027 2328 1072 2379 se
1120 2300 1304 2381 feriendo
1355 2303 1648 2387 urrirersaliter

240 2422 508 2509 discurrebat.

398 2556 569 2637 xvm
589 2554 851 2659 Stephanus
869 2554 937 2648 4¹)
956 2556 1325 2658 regnavitannis
1344 2560 1385 2637 2.
1404 2546 1649 2657 Stephanus

241 2666 350 2749 filius
382 2666 507 2747 Belae
540 2666 676 2749 statim
715 2681 934 2747 coronatus
975 2682 1050 2751 est.
1095 2664 1172 2745 llic
1216 2666 1458 2750 Ottokarum
1500 2698 1647 2775 regem

242 2790 514 2871 bohemorum
561 2806 657 2869 ante
707 2787 879 2869 lluriurn
928 2786 1119 2893 llaplreza
1166 2787 1317 2869 devicit
1374 2810 1415 2871 et
1471 2792 1646 2897 fugarit.

241 2911 391 2993 Postea
422 2940 559 3017 regem
596 2912 857 3015 bulgarorum
892 2910 1094 3016 compulit
1135 2909 1213 2991 sibi
1257 2912 1474 2994 deservire.
1531 2912 1652 2997 Obiit

241 3060 350 3115 anno
383 3034 540 3115 domini
576 3030 704 3114 1272.
746 3031 942 3139 Sepultus
991 3048 1052 3113 est
1100 3032 1141 3111 in
1191 3033 1325 3115 insula
1375 3036 1552 3119 badensi
1603 3038 1649 3119 in

241 3157 334 3237 loeo
367 3156 622 3262 beginarum.

396 3273 520 3355 xIx.
539 3271 787 3353 Ladislaus
801 3273 968 3350 tertius
994 3273 1214 3374 regnavit
1240 3274 1296 3352 18
1328 3276 1461 3355 annia
1498 3283 1546 3356 et
1572 3298 1650 3357 ιο-

240 3396 399 3500 pulta,
427 3403 499 3475 est
525 3392 794 3477 chanadini.
829 3380 1042 3462 Ladislaus
1081 3380 1186 3463 tilius
1234 3380 1454 3489 Stephani,
1501 3385 1648 3467 statim

242 3522 305 3587 est
344 3524 575 3587 coronatus.
622 3505 871 3609 Imperatore
921 3503 1142 3583 adiurante
1191 3504 1345 3611 ipsum,
1395 3506 1648 3591 llttokarum

241 3629 498 3736 praedit-tum
534 3630 641 3708 eirea
678 3626 885 3706 lloravam
922 3625 1135 3706 interfecit.
1169 3626 1313 3709 Postea
1345 3656 1453 3709 amm
1484 3629 1648 3711 domini

243 3754 372 3832 1282.
406 3749 512 3831 Cuni
547 3750 766 3829 voluerunt
797 3748 877 3829 sibi
913 3774 1086 3853 regnum
1123 3749 1363 3855 subiugare,
1415 3777 1521 3858 quos
1567 3780 1647 3834 rex

241 3874 479 3979 prostravit,
514 3891 556 3952 et
587 3870 693 3951 Cuni
726 3870 929 3974 fugientes
962 3870 1014 3949 ad
1048 3886 1234 3971 tartaros,
1273 3888 1314 3951 et
1346 3900 1442 3954 eum
1476 3874 1536 3955 eis
1570 3872 1681 3957 se·'

239 3996 376 4077 cunda
408 3996 497 4074 rice
532 4022 664 4099 nsque
696 3994 747 4073 ad
780 3991 929 4073 l'esolrt
961 3993 1153 4075 universa
1185 3994 1516 4078 combusserunt.
1554 3994 1649 4077 Rex

238 4118 363 4198 liliam
397 4118 501 4221 regis
535 4116 711 4221 Apuliae
744 4116 864 4195 duxit
897 4115 937 4194 in
971 4142 1157 4215 uxorem,
1197 4129 1337 4197 tamen
1369 4118 1533 4199 filiabus
1567 4120 1648 4200 ad·

238 4240 371 4321 haesit
402 4238 625 4336 Curiorum,
658 4266 731 4344 pro
765 4266 847 4343 ‹pu›
880 4236 1069 4341 alegate
1104 4265 1236 4343 papae
1271 4240 1434 4321 vinculo
1468 4267 1647 4321 ‹incoin-

239 4361 528 4443 munirationis
588 4383 650 4439 est
706 4376 924 4439 erirrectus.
980 4358 1068 4439 llex
1118 4386 1212 4439 vero
1262 4361 1359 4440 nibil
1409 4364 1650 4463 advertens,

239 4503 383 4593 postea
417 4484 701 4565 nriscrabiliter
732 4511 756 4561 a
788 4482 915 4561 (lunis
946 4499 1008 4561 est
1048 4482 1285 4564 interfectus
1329 4512 1437 4565 anno
1481 4484 1646 4567 domini

243 4609 370 4689 1290.
409 4604 546 4713 Hujus
590 4622 774 4713 tempore
823 4605 958 4712 coepit
1007 4602 1184 4709 l'ngaria
1232 4634 1256 4685 a
1302 4634 1378 4689 sua
1424 4607 1651 4714 magnilica

401 4865 428 4966 ¹)
457 4864 651 4967 Toldpenus
684 4868 720 4945 ὁ.
