3592 5490
840 332 997 435 Q

729 540 1011 639 (Incldentlc
1039 546 1107 640 B.)

376 754 472 840 137.
508 760 631 839 Anno
664 759 810 839 eodem
853 758 1046 840 Clemens
1085 772 1255 866 ‹prartns
1288 787 1362 866 per
1394 760 1617 840 cruciferos

159 881 345 964 sancti
377 879 579 961 ‹Iollannis
620 880 725 961 inter
767 881 1018 963 cln·istic‹·›las
1060 882 1203 962 nnrmli
1248 881 1370 963 huius
1404 882 1617 964 inestima-

152 1003 341 1085 bilem
384 1003 624 1084 thesaurum
666 1004 765 1084 fecit
805 1005 1005 1109 sagaciter
1048 1004 1256 1110 proemari
1298 1005 1348 1085 arl
1383 1004 1616 1110 passagium

129 1124 405 1233 generale
439 1152 511 1232 pro
543 1140 651 1205 terra
681 1141 825 1206 sancta
857 1126 1147 1233 expugnanda,
1176 1126 1341 1207 tradens
1374 1126 1492 1206 <lictis
1526 1154 1618 1208 crn-

127 1247 349 1329 ciferis
376 1247 555 1353 graciam
582 1249 815 1351 generalem
831 1244 859 1353 ¹)
879 1244 1141 1354 pecuniam²)
1167 1249 1384 1353 largientes
1406 1250 1458 1329 al)
1486 1250 1619 1329 onmi-

134 1374 295 1453 bus
315 1369 556 1451 criminibus
578 1370 834 1473 absoluendi,
858 1398 992 1477 nsque
1020 1372 1071 1450 acl
1093 1372 1310 1453 continuos
1338 1371 1574 1477 quindecim
1586 1367 1617 1477 ³)

118 1517 361 1576 annos.
379 1491 460 1574 Sed
493 1504 637 1599 postea
668 1492 720 1573 de
744 1492 812 1573 illo
843 1504 958 1573 tanto
989 1493 1183 1574 thesauro
1217 1492 1342 1574 nichil
1374 1494 1531 1575 lactum
1557 1493 1618 1575 vi·

113 1614 353 1697 dimus
387 1614 590 1696 effectine.

119 1871 405 1978 (Pugna
430 1872 558 1975 regis
584 1871 752 1952 Karoli
785 1893 929 1976 prope
965 1870 1159 1954 Qunam
1196 1894 1302 1955 oum
1334 1873 1433 1953 suis
1460 1879 1622 1954 contra

528 1993 768 2075 matheum
796 2001 842 2075 et
868 1995 986 2076 filios
1015 1993 1218 2077 omodei.
1245 1994 1312 2088 Β.)

379 2208 475 2291 138.
500 2208 622 2289 Anno
645 2209 800 2289 domini
829 2209 1048 2291 millesimo
1071 2209 1349 2290 tricentesimo
1372 2208 1619 2290 duodecimo

121 2352 313 2414 Quin
349 2358 423 2411 rex
469 2329 643 2413 llarolus
684 2332 820 2437 regale
864 2347 1043 2414 castrum
1086 2331 1209 2413 Sarns
1253 2346 1446 2412 vocatum
1480 2358 1504 2411 a
1537 2329 1619 2411 De-

140 2472 183 2527 ι
211 2453 369 2535 metrio
401 2452 484 2534 filio
518 2453 686 2555 Nicolai,
710 2482 761 2533 ex
797 2456 991 2535 mandato
1016 2453 1168 2534 lllatlrei
1205 2453 1474 2560 potentissimi
1510 2453 1620 2559 prin·

134 2577 324 2685 cipis
358 2602 595 2683 possessum
623 2572 743 2683 (iria)
770 2577 855 2657 suis
876 2577 1029 2658 viribus
1056 2576 1273 2675 obsideret,
1293 2575 1400 2655 idem
1430 2575 1620 2656 llatlreus

130 2695 329 2779 filius
372 2698 476 2779 Petri
521 2699 572 2778 de
617 2698 868 2799 'l'rinelrinin‚
914 2699 1024 2779 mille
1063 2713 1104 2779 et
1145 2699 1427 2804 septingentos
1471 2697 1620 2777 milites

134 2808 431 2903 lanceatos
475 2815 791 2926 contluctiuos⁴)
835 2837 875 2900 et
918 2849 1040 2901 ‹nnrre
1086 2820 1250 2927 penitus
1293 2846 1415 2926 posse
1455 2815 1619 2925 suum⁵)

145 2958 364 3025 Contra
394 2970 532 3049 regem
569 2943 608 3022 in
642 2942 889 3024 ruliutorimn
924 2942 1121 3051 Demetry
1147 2942 1380 3041 destinauit,
1405 2954 1450 3021 nt
1482 2942 1617 3048 ipsum

142 3080 359 3171 regem
393 3066 444 3145 de
476 3065 555 3146 sub
589 3078 721 3147 castro
749 3065 889 3172 procul
915 3065 1086 3171 pelleret
1119 3077 1393 3172 prepotenter.
1412 3063 1619 3170 Principes

149 3202 361 3270 autem
395 3187 603 3268 exercitus
635 3185 892 3268 Demetrium
930 3188 1226 3293 sinnarlictmn,
1260 3201 1301 3267 et
1333 3187 1482 3267 Albam
1495 3180 1526 3291 ⁰)
1560 3185 1619 3263 di·

159 3324 335 3392 etum
370 3309 559 3416 pulcrum
594 3309 683 3390 siue
715 3336 912 3413 magnum
933 3309 1154 3390 constitnit.
1173 3308 1356 3403 (litorum
1392 3309 1618 3388 rulnentnm

159 3448 294 3513 rex
329 3431 489 3513 audiuit
522 3427 712 3538 putans⁷)
745 3458 789 3513 se
823 3458 903 3510 non
949 3457 1070 3538 posse
1112 3432 1313 3530 resistere,
1347 3432 1385 3510 in
1421 3424 1620 3536 Scepns⁸)

168 3573 262 3635 Se
308 3554 478 3661 recepit.
519 3552 594 3635 Cui
636 3549 973 3660 Scepusienses⁹)
1007 3553 1167 3659 equites
1209 3553 1359 3659 pariter
1401 3566 1442 3632 et
1473 3552 1620 3658 pedes·

172 3684 303 3759 tres
337 3674 510 3757 fideliter
542 3688 846 3776 concesserunt,
865 3703 960 3755 cnm
995 3674 1147 3781 quibus
1180 3702 1253 3755 rex
1288 3674 1426 3754 lrostes
1459 3668 1620 3780 snos¹⁰)

179 3796 421 3881 audacius
462 3811 524 3879 est
564 3824 792 3903 aggressus.
826 3798 904 3892 oui
947 3796 1114 3903 (pridem
1160 3797 1366 3877 interdum
1410 3796 1618 3877 ciuitatem

180 3918 350 4003 (lassa
392 3934 581 4001 vocatam
632 3946 872 4028 expugnare
917 3933 1113 4025 ceperant
1155 3945 1228 4027 pro
1272 3934 1403 4000 morte
1447 3917 1621 3999 (lmodei

180 4041 404 4151 Palatini,
445 4068 569 4149 quem
613 4042 652 4122 in
700 4042 827 4123 Cassa
874 4067 1087 4123 cassenses
1128 4042 1325 4122 teutonici
1367 4042 1433 4121 vel
1477 4041 1622 4148 pocius

182 4186 401 4248 saxones
433 4160 762 4272 peremerunt¹¹)
796 4165 1072 4247 innocentem.
1104 4162 1265 4259 Quibus
1300 4192 1394 4245 cum
1430 4164 1622 4271 explora·

185 4296 330 4370 tor-es
362 4287 670 4369 conclamarent
702 4287 806 4393 regis
839 4287 1080 4390 aduentum,
1108 4286 1277 4369 dimissa
1309 4286 1476 4366 ciuitate
1497 4285 1622 4366 intre·

187 4408 305 4517 laidi
353 4408 522 4491 obuiam
571 4409 676 4515 regis
722 4409 921 4490 exercitui
964 4422 1266 4517 processerunt,
1308 4422 1349 4489 ct
1389 4407 1439 4489 ad
1482 4408 1621 4489 locum

383 4629 408 4717 ¹)
432 4633 650 4729 singularem.
691 4628 718 4711 ²)
743 4634 915 4726 pruennias.
953 4637 993 4707 ll.
1025 4628 1051 4711 ³)
1077 4633 1235 4725 quinquo.
1283 4630 1551 4711 lcomlnotioios
1579 4633 1619 4704 B.

194 4731 292 4813 W.
331 4734 360 4821 5)
395 4760 492 4812 suum
544 4762 654 4831 posse.
702 4735 728 4820 ¹⁵)
764 4738 913 4814 Abbam.
955 4740 995 4812 B.
1039 4736 1159 4810 Aliam.
1203 4736 1243 4810 Α.
1287 4736 1363 4812 VP.
1406 4737 1530 4809 albam.
1582 4735 1619 4810 S.

217 4836 255 4924 Ἰ)
276 4843 421 4917 audiens
447 4842 594 4938 putauit.
626 4839 653 4927 ⁸)
676 4845 781 4938 sepes
810 4845 892 4921 Vr.-
916 4843 1031 4937 Seops.
1062 4842 1103 4916 Α.
1125 4844 1160 4917 S.
1192 4838 1218 4922 ¹³)
1244 4842 1460 4937 Scepsenses.
1495 4836 1536 4923 ¹⁰)
1553 4862 1618 4913 om.

213 4946 270 5029 B.
302 4944 345 5049 ¹¹)
373 4954 599 5051 peremerant.
