3592 5490
819 337 976 440 ..⁹5-

195 551 286 637 eius
318 580 446 662 super
476 552 712 638 Ladislaum
725 550 755 661 ¹)
789 554 959 634 veniret.
990 553 1088 636 Dux
1121 566 1259 636 autem
1296 551 1451 635 Cuteslr
1484 552 1597 634 inani

194 702 271 783 spe
302 676 500 759 seductus
533 704 628 759 cum
663 702 813 783 magna
848 675 1113 757 multitudine
1146 674 1360 757 Cunerum
1394 675 1597 757 inuadens

193 795 450 904 Hungariam
483 799 653 880 deuenit
683 825 819 905 usque
851 798 891 878 in
926 798 1184 906 prouinciam
1217 810 1444 879 castrorum
1472 796 1599 902 Hung

194 935 236 1001 et
268 915 474 1027 Borsoa2).
510 919 602 1016 Quo
635 921 775 1003 audito
818 948 893 1000 rcx
938 920 1152 1003 Ladislaus
1195 920 1311 1001 irruit
1342 946 1469 1026 super
1512 945 1594 1022 eos,

194 1056 237 1123 et
269 1043 432 1124 contriti
464 1055 618 1125 sunta
653 1043 758 1126 facie
801 1042 889 1124 eius
930 1043 1254 1148 cecideruntque
1297 1041 1336 1122 in
1373 1068 1442 1122 ore
1476 1042 1597 1150 glady

193 1164 327 1247 multa
368 1161 497 1247 millia
536 1162 762 1248 Cunerum.
795 1163 882 1245 Rex
928 1178 1068 1247 autem
1113 1163 1306 1245 Salomon
1353 1176 1393 1244 et
1426 1162 1593 1265 Cuteslr,

192 1286 302 1369 sicut
332 1299 476 1370 anates
509 1287 665 1370 auulsis
707 1287 855 1395 pennis
888 1288 940 1368 ab
991 1287 1200 1391 unguibus
1233 1281 1451 1391 austuris³)
1493 1287 1599 1391 fugi·

193 1421 311 1491 entes
345 1422 578 1491 euaserunt.
609 1409 696 1491 Rex
729 1410 872 1516 itaque
904 1407 1119 1491 Ladislaus
1151 1408 1245 1490 tulit
1277 1408 1408 1516 spolia
1441 1434 1597 1509 eorum,

192 1543 233 1612 et
264 1531 307 1612 in
340 1531 475 1640 ymnis
494 1544 536 1612 et
561 1532 889 1614 confessionibus
926 1532 1229 1613 benedicebant
1260 1531 1398 1632 deum,
1419 1530 1489 1636 qui
1523 1529 1597 1611 de·

192 1652 252 1734 dit
285 1653 344 1735 eis
377 1653 595 1759 gloriosam
629 1654 855 1736 victoriam.
885 1653 997 1735 fecit
1029 1666 1169 1735 autem
1203 1680 1278 1734 rex
1311 1652 1493 1734 construi
1527 1680 1594 1733 ec·

193 1775 364 1858 clesiam
396 1774 448 1857 ad
480 1776 680 1858 honorem
713 1775 1008 1883 omnipotentis
1041 1771 1161 1882 deil).
1208 1778 1260 1856 At
1292 1801 1367 1855 rex
1399 1772 1597 1856 Salomon

193 1925 290 1978 cum
322 1897 567 2008 latrunculis
612 1897 824 1980 Cunorum
864 1898 1015 1980 inuasit
1058 1898 1289 2002 Bulgariam
1335 1909 1376 1976 et
1418 1897 1597 1978 confinia

193 2019 351 2122 Grecie,
385 2019 457 2101 ubi
490 2020 543 2102 ab
577 2020 764 2102 exercitu
798 2021 1053 2127 imperatoris
1087 2015 1273 2125 Grecie⁵)
1310 2018 1596 2101 miserabiliter

193 2153 291 2224 sunt
322 2141 524 2248 percussi3
558 2170 580 2223 e
622 2142 774 2249 quibus
815 2142 935 2222 valde
979 2139 1143 2250 pauci⁶)
1181 2137 1456 2246 euaseruntb.
1507 2140 1597 2223 Rex

194 2258 334 2370 ergo⁸)
367 2262 561 2346 Salomon
595 2265 757 2370 fugiens
790 2265 924 2347 euasit
948 2293 1043 2346 cum
1078 2264 1221 2372 paucis
1255 2276 1296 2343 et
1328 2263 1437 2343 facili
1472 2292 1598 2346 cursu

193 2384 384 2468 transiuit
416 2384 673 2489 Danubium,
707 2386 803 2493 quia
836 2385 1036 2492 glaciatus
1071 2400 1170 2468 erat.

354 2509 451 2590 113.
485 2508 676 2616 Cumque
708 2509 891 2592 venisset
933 2510 984 2590 ad
1019 2510 1228 2617 quoddam
1271 2535 1420 2591 nemus
1465 2508 1598 2589 maxi·

195 2658 323 2732 mum,
357 2630 464 2712 dixit
495 2632 592 2733 suiS,
621 2644 667 2714 ut
696 2657 769 2740 pro
793 2632 1028 2715 recreandis
1057 2632 1174 2738 equis
1206 2630 1426 2738 paululum
1438 2625 1469 2737 ⁹)
1492 2658 1595 2738 pau·

193 2765 341 2834 sarent.
376 2752 471 2861 Ipse
496 2779 592 2834 vero
626 2753 812 2860 deposito
845 2769 963 2837 scuto
995 2754 1116 2836 finxit
1135 2781 1179 2834 se
1202 2753 1419 2834 confestim
1453 2781 1594 2835 reuer-

195 2901 351 2978 surum,
385 2887 427 2955 et
458 2876 557 2984 abyt
589 2875 629 2956 in
664 2902 815 2983 opacas
844 2891 980 2984 partes
1008 2877 1206 2959 siluarum
1242 2876 1327 2957 suis
1357 2876 1481 2956 nichil
1514 2876 1596 2956 tale

195 2997 473 3105 opinantibus,
493 2998 730 3081 absentauit
714 3013 789 3081 tse
816 2999 868 3080 ab
903 3000 993 3101 illis,
1013 3027 1089 3079 nec
1122 3024 1308 3103 unquam
1343 2998 1404 3078 ult
1389 3011 1450 3078 tra
1482 3022 1595 3078 corn·

195 3119 341 3226 paruit.
384 3119 557 3202 Fractus
600 3121 1097 3227 quippetottaduersis,
1130 3120 1319 3201 visitatus
1363 3132 1481 3201 esta
1513 3120 1596 3226 spi·

195 3242 275 3322 ritu
306 3241 487 3343 salutari,
521 3242 619 3348 quia
652 3270 705 3323 ex
737 3243 836 3349 ipsis
877 3244 1061 3325 aduersis
1094 3269 1176 3323 non
1211 3256 1272 3322 est
1257 3243 1437 3322 teffect
1422 3255 1488 3323 tus
1521 3242 1596 3323 du·

195 3364 284 3464 rior,
318 3389 397 3444 nec
430 3377 571 3445 contra
603 3364 867 3446 iustissimam
914 3362 1044 3471 dei¹⁰)
1081 3365 1295 3445 veritatem
1329 3364 1458 3445 libero
1492 3392 1596 3471 pug-

195 3512 299 3568 nans
331 3485 519 3587 arbitri03
552 3487 625 3578 sed
658 3513 829 3569 nranum
864 3483 1205 3592 misericordie¹¹)
1240 3486 1495 3593 corripientis
1528 3486 1595 3567 dei

197 3607 322 3714 (4512)
354 3602 609 3714 senciens¹²)
636 3609 677 3689 in
710 3611 1000 3691 recordacione
1034 3610 1349 3691 commissorum
1383 3608 1596 3714 ingemuit,

198 3742 236 3808 et
268 3743 472 3836 quantum
507 3730 612 3812 iuste
645 3731 912 3815 humanitatis
948 3727 1226 3836 arbitriunr¹³)
1262 3732 1425 3839 pensari
1458 3743 1596 3838 potest

197 3878 292 3933 cum
325 3852 458 3934 cordis
500 3851 751 3934 contricione
795 3870 837 3935 et
879 3855 1157 3937 satisfactione
1199 3853 1250 3933 de
1284 3854 1465 3960 peccatis
1509 3855 1595 3936 suis

197 3973 384 4082 penituit.
402 3972 508 4055 Vere
541 3973 642 4056 felix
666 3977 901 4080 necessitas,
921 4004 1002 4085 que
1020 3976 1233 4082 compellit
1264 3976 1316 4057 ad
1350 3970 1598 4084 rneliora¹⁴).

200 4163 405 4175 -nut

355 4212 381 4297 ¹)
408 4237 535 4311 regern.
564 4216 641 4292 add.
671 4217 712 4293 Α.
743 4213 770 4299 ²)
798 4218 879 4313 Ung
912 4221 945 4292 et
981 4219 1113 4292 Borsua
1140 4218 1209 4292 VP.
1229 4218 1309 4313 Ung
1329 4221 1363 4294 et
1382 4220 1528 4294 Burson.
1551 4217 1599 4294 V.

199 4318 277 4417 Ung
305 4323 340 4395 ct
366 4321 506 4397 burson.
536 4321 572 4398 S.
603 4324 744 4417 Hungh.
775 4325 819 4398 A.
842 4318 869 4406 ³)
898 4323 1037 4397 asturis.
1060 4323 1096 4399 S.
1118 4320 1146 4404 ⁴)
1175 4323 1228 4397 dei
1247 4323 1375 4417 omnip.
1404 4324 1446 4396 ad
1474 4346 1601 4398 memo-

198 4426 280 4501 riam
308 4467 359 4480 -
387 4467 437 4480 -—
457 4425 688 4501 obtinuerunt.
711 4429 786 4500 add.
808 4427 883 4501 VP.
915 4422 942 4508 ⁵)
972 4452 1037 4500 om.
1059 4427 1101 4502 Α.
1125 4424 1151 4504 ⁶)
1179 4427 1277 4521 pauci
1297 4430 1406 4501 raldc.
1430 4422 1456 4509 7)
1488 4425 1602 4521 ,Cum

200 4531 283 4606 enim
316 4529 484 4606 vidissent
518 4529 609 4608 Ouni
637 4575 687 4586 -
718 4576 762 4586 -
794 4531 1090 4606 interfeciebant.“
1121 4533 1155 4606 in
1189 4535 1258 4606 VP.
1291 4532 1453 4606 omittunt
1487 4532 1601 4607 ceteri.

214 4637 298 4711 ride.
327 4637 430 4711 Font.
459 4637 507 4714 II.
537 4660 571 4730 p.
600 4639 687 4711 195.
716 4631 743 4717 8)
773 4641 886 4710 autern
915 4639 985 4711 VP.
1015 4639 1060 4712 V.
1093 4633 1292 4732 ⁹)paulu1n.
1322 4638 1356 4710 S.
1391 4633 1432 4719 ¹⁰)
1462 4660 1528 4712 om.
1558 4636 1600 4710 A.

203 4737 238 4825 ¹¹)
263 4739 591 4818 misericordissime.
625 4734 664 4822 ¹¹)
687 4741 811 4819 sciens.
839 4743 876 4821 S.
908 4738 948 4826 ¹⁸)
980 4743 1160 4819 arbitratu.
1195 4737 1235 4824 ¹⁴)
1262 4764 1342 4820 nant
1373 4785 1417 4796 -
1452 4789 1493 4799 -·-
1528 4742 1599 4820 deo.

199 4842 325 4925 inserit.
346 4845 416 4925 VP.
