3660 5506
832 336 989 440 Q

210 551 421 636 Morialem
458 554 628 637 militem
671 552 831 638 Ordinis
872 553 1002 637 sancti
1043 552 1245 637 lobannis
1288 551 1617 635 lerosolinritaui

100 676 106 688 '
211 678 386 785 priorem
424 679 716 778 Auiauensem,
736 677 998 784 capitaneum
1017 676 1056 755 iu
1077 676 1222 757 eadem
1242 676 1409 756 ciuitate
1428 677 1617 775 Auersa3

212 800 282 905 qui
316 813 460 907 postea
492 800 710 880 infideliter
741 826 866 904 agens
901 799 1074 880 eandem
1110 797 1319 879 ciuitatem
1355 825 1451 878 cum
1478 809 1617 878 castro

210 923 251 1002 in
285 935 532 1028 potestatem
567 922 687 1028 (aaa)
727 920 918 1001 ‹lolraunc
968 920 1105 1026 regine
1154 919 1399 1025 resiguauit3
1449 919 1489 1000 iu
1539 946 1619 1001 sua

210 1071 387 1151 persona
418 1044 634 1151 preficiens
677 1057 718 1123 et
761 1043 911 1123 ibidem
962 1042 1192 1142 dimittens,
1241 1056 1408 1149 propter
1455 1068 1616 1122 annum

212 1165 410 1247 iubileuru
445 1167 531 1245 zelo
565 1164 803 1247 deuoeionis
837 1192 1037 1247 accensus
1062 1191 1204 1245 versus
1227 1163 1398 1244 Romam
1420 1190 1494 1269 per
1511 1163 1617 1244 ciui·

209 1300 336 1368 tatem
372 1287 636 1394 Capuauam,
687 1288 725 1367 iu
761 1287 879 1368 cuius
912 1278 1123 1392 porta'est
1164 1285 1284 1367 turris
1325 1284 1526 1367 altissima
1567 1313 1616 1366 ac

209 1410 384 1491 solemni
434 1436 556 1516 opere
599 1410 817 1508 faluicata3
867 1423 907 1488 et
949 1409 1027 1490 sub
1077 1423 1216 1487 moute
1257 1405 1451 1508 (lassiuo,
1496 1408 1617 1489 cuius

210 1533 316 1613 muri
350 1559 423 1639 per
455 1545 720 1612 terremotum
757 1544 1021 1632 corruerunt,
1064 1544 1105 1609 ot
1142 1557 1216 1636 per
1249 1529 1522 1636 Campaniam
1558 1546 1621 1611 est

208 1655 431 1762 proiectus.

375 1944 458 2039 (Dc
486 1944 658 2026 honore
686 1945 812 2048 regis
840 1944 1049 2048 impenso
1076 1966 1160 2048 por
1186 1944 1449 2036 Romanos.)

370 2175 539 2255 rotun
552 2170 580 2281 ¹)
593 2175 781 2257 tribunus
801 2204 896 2257 cum
916 2175 1108 2256 Romanis
1127 2203 1200 2281 per
1216 2190 1394 2281 quatour
1413 2174 1618 2275 milliaria,

209 2296 422 2401 gallicana,
442 2298 549 2377 eirca
567 2313 733 2379 centum
754 2324 949 2404 personas
968 2325 1020 2378 ex
1041 2297 1288 2404 potioribus,
1320 2296 1508 2379 restibus
1527 2322 1618 2396 seu,

208 2420 356 2525 parmis
374 2420 591 2526 purpureis
606 2420 659 2500 'ad
680 2419 756 2499 lmc
782 2419 1015 2526 specialiter
1046 2420 1124 2500 sub
1156 2419 1434 2499 uniformitate
1459 2418 1618 2524 aptatis

209 2541 448 2622 solemniter
486 2541 636 2642 induti,
679 2569 774 2622 cum
813 2542 1031 2623 trumbetis
1068 2556 1109 2621 et
1140 2540 1292 2623 diuersi
1324 2539 1485 2646 generis
1523 2567 1620 2621 mu-

210 2661 387 2744 sicarum
438 2663 718 2745 instrumentis
767 2665 849 2769 rcgi
900 2665 1066 2745 obuiam
1117 2663 1331 2744 venientes
1386 2661 1619 2742 honorifice

209 2799 495 2892 susceperunt,
530 2786 651 2866 etad
687 2786 831 2866 urbem
867 2785 1107 2887 Romanam,
1143 2785 1260 2867 cuius
1293 2785 1429 2892 platee
1456 2784 1617 2890 pannis

210 2907 354 3015 pulcre
402 2921 527 2989 strate
577 2925 618 2988 ct
660 2908 852 2988 decorate
893 2908 1057 2988 fuerant
1097 2907 1436 3007 introduxerunt,
1481 2921 1525 2987 et
1571 2909 1618 2988 iu

210 3029 423 3112 domiuum
458 3031 737 3111 Romanorum
771 3043 1056 3136 susceperuut.
1102 3029 1222 3123 Quod
1261 3041 1399 3110 tamen
1432 3055 1506 3108 rex
1542 3055 1618 3110 ac·

210 3166 374 3258 ceptare
409 3153 626 3235 recusauit.
660 3151 711 3230 Et
744 3152 782 3232 in
815 3151 971 3258 palacio
990 3151 1144 3232 domiui
1162 3179 1271 3258 pape
1289 3151 1621 3233 collocauerunt.

209 3272 387 3379 Singulis
426 3275 572 3356 diebus
617 3273 806 3354 tribunus
850 3302 944 3355 oum
989 3274 1216 3381 potioribus
1258 3273 1435 3355 romanis
1471 3272 1621 3378 ipsum

209 3394 452 3497 visitabant,
496 3413 537 3476 et
568 3396 850 3476 reuerenciam
885 3395 1158 3498 exhibebant,
1191 3397 1243 3476 ad
1276 3397 1420 3477 domos
1453 3420 1621 3500 eorum,

208 3518 331 3598 etad
365 3519 558 3600 conuiuia
591 3546 686 3598 cum
721 3544 869 3623 magno
901 3518 1050 3623 gaudio
1076 3518 1309 3600 inuitautes.
1342 3517 1431 3597 Rex
1465 3532 1617 3598 autem

210 3639 377 3721 cottidie
410 3640 452 3721 iu
481 3641 649 3723 basilica
681 3640 810 3723 sancti
844 3638 950 3720 Petri
984 3640 1179 3747 principis
1211 3639 1489 3747 apostolorum
1513 3639 1619 3722 mis-

208 3788 296 3842 sam
329 3762 545 3865 audiebat,
580 3778 621 3843 et
653 3762 823 3869 siugulis
856 3762 1002 3844 diebus
1035 3763 1245 3845 sudarium
1281 3762 1420 3845 vultus
1451 3760 1618 3843 domini

209 3885 485 3966 ostendebant
517 3886 566 3965 ad
607 3912 797 3990 magnam
843 3885 1173 3967 consolacionem
1203 3883 1539 3991 peregrinorum,
1575 3898 1622 3965 et

207 4006 480 4089 multitudiuis
523 4008 714 4113 gencium
760 4007 1075 4089 confluencium.
1126 4007 1400 4114 Pluribusque
1456 4005 1615 4089 dicbus

207 4155 302 4208 cum
337 4128 565 4212 deuocione
599 4130 656 4212 sic
689 4130 892 4212 deductus
921 4159 1012 4231 rex,
1061 4130 1278 4210 autoritate
1311 4127 1466 4209 domini
1500 4154 1618 4235 pape

206 4251 441 4352 absolutus,
489 4281 614 4361 super
656 4253 782 4333 altare
826 4253 957 4332 saneti
989 4252 1096 4333 Petri
1120 4266 1297 4359 quatuor
1331 4250 1457 4332 millia
1489 4246 1616 4331 flore-

206 4400 352 4455 norum
388 4376 519 4456 offerri
553 4376 650 4455 fecit
678 4389 718 4455 et
745 4375 983 4482 presentari.

205 4561 317 4570 ——0-
334 4562 412 4570 ...ι-.-

368 4633 390 4732 ¹)
420 4631 498 4708 Cui.
529 4635 608 4708 Tur.
