3592 5490
814 346 969 446 gra-

195 560 477 671 interpellatus
520 562 686 670 Atylam
728 562 828 643 adiit
868 575 909 642 et
952 563 990 642 in
1041 586 1188 668 campo
1237 562 1593 669 colloquebantur,

195 685 332 765 Leone
371 712 541 767 censum
582 711 844 766 romanorum
889 711 971 790 quo
1019 684 1234 765 adueniret
1273 685 1492 786 offerente,
1543 714 1593 766 ne

195 807 344 888 arianis
377 806 566 913 practicis
607 806 731 915 Atyla
772 807 1012 889 christianos
1055 806 1222 887 lederet.
1263 806 1366 914 Ipsis
1408 834 1593 914 namque

194 929 252 1010 sic
286 928 646 1010 confabulantibus
678 928 868 1011 desubito
901 928 1091 1036 apparuit
1128 928 1251 1008 homo
1294 929 1333 1008 in
1383 955 1478 1009 aere
1521 931 1594 1010 ha·

194 1051 297 1132 bens
330 1050 510 1156 gladium
551 1050 591 1129 in
635 1077 763 1132 manu
810 1077 904 1152 sua,
953 1066 995 1131 et
1032 1051 1268 1131 minabatur
1315 1067 1441 1158 caput
1488 1053 1594 1157 regis

194 1188 420 1279 amputare.
458 1171 590 1253 Huius
622 1173 767 1253 timore
800 1200 874 1253 rex
907 1173 1052 1253 annuit
1076 1173 1227 1253 Leonis
1262 1173 1516 1280 petitionem,
1551 1189 1593 1254 et

194 1293 434 1376 Rauennam
485 1295 639 1376 intrans
687 1294 1006 1402 archipresulem
1058 1322 1152 1376 cum
1205 1295 1289 1375 suis
1342 1296 1595 1403 sequacibus

195 1416 305 1524 cepit
351 1418 573 1522 exegitque
630 1417 703 1498 LX
751 1417 863 1497 milia
909 1444 1141 1498 marcarum
1189 1417 1289 1519 auri,
1335 1418 1387 1498 ab
1431 1418 1595 1519 eodem,

195 1556 342 1619 necato
374 1538 677 1620 nichilominus.
711 1539 856 1621 Postea
889 1567 983 1621 cum
1018 1538 1129 1620 omni
1163 1565 1237 1620 suo
1271 1539 1456 1621 exercitu
1490 1540 1597 1620 Pan·

193 1660 359 1742 naniam
395 1675 456 1742 est
488 1688 691 1763 reuersus,
725 1663 897 1769 cupiens
915 1662 1107 1769 Egiptnm
1130 1660 1304 1743 Assirios
1337 1677 1378 1743 et
1397 1662 1595 1742 Affricam

194 1783 271 1866 sibi
303 1783 535 1888 subiugare.

350 1905 388 1991 9.
425 1903 535 1985 Atila
567 1932 639 1985 rex
674 1905 794 1986 duxit
825 1907 868 1987 in
900 1931 1072 1988 uxorem
1109 1904 1286 1985 Mikolch
1321 1904 1444 1986 filiam
1488 1908 1594 2013 regis

193 2027 508 2126 Bractanornm,
542 2054 668 2135 supra
700 2028 870 2109 modum
902 2030 1145 2127 formosam,
1188 2041 1228 2107 et
1260 2028 1312 2108 ob
1345 2028 1385 2107 id
1421 2030 1593 2110 modum

194 2149 372 2231 excessit
406 2150 442 2229 in
478 2150 599 2231 coitu.
635 2151 742 2232 sicut
775 2167 1047 2233 consueuerat
1065 2151 1102 2231 in
1122 2149 1316 2231 bibendo.
1350 2148 1593 2257 Complato-

193 2299 273 2378 que
307 2271 486 2352 lihidinis
520 2272 668 2376 iguine,
682 2267 711 2378 ¹)
731 2274 949 2354 dormienti
966 2273 1173 2378 sanguise
1202 2272 1367 2353 naribus
1384 2272 1595 2379 profluens

194 2409 234 2474 et
266 2394 400 2474 ori'se
435 2420 624 2498 mergens
656 2396 891 2479 suffocatur.
923 2394 986 2474 De
1019 2395 1137 2476 cuins
1170 2408 1300 2477 morte
1332 2409 1443 2474 totus
1471 2424 1594 2476 mun·

193 2516 270 2598 dus
303 2515 528 2622 obstupuit,
561 2517 614 2597 eb
648 2517 925 2624 pluralitatem
952 2517 1152 2616 filiorum3
1185 2517 1469 2598 dissenserunt
1495 2544 1592 2623 ergo

193 2664 337 2719 omnes
369 2638 410 2718 in
444 2664 540 2743 rege
573 2638 774 2743 eligendo.
805 2639 917 2722 Huni
955 2638 1161 2740 Chabam,
1204 2637 1394 2720 Detricus
1439 2641 1593 2720 Alada-

193 2761 298 2843 riurn
334 2787 469 2865 regem
506 2761 818 2862 concluserunt3
851 2764 956 2843 inter
988 2787 1092 2868 quos
1125 2760 1395 2842 accerrimum
1431 2762 1592 2843 bellurn

194 2883 463 2991 committitur
505 2883 628 2986 adeo,
670 2885 780 2990 quod
822 2883 1103 2965 aSicambria
1134 2910 1267 2990 usquc
1299 2882 1594 2965 Petencianarn

191 3004 409 3087 Danubius
441 3031 728 3109 germanorum
764 3007 991 3088 occisorum
1032 3032 1175 3087 cruore
1217 3004 1295 3085 XV
1334 3005 1483 3087 diebus
1525 3036 1593 3088 ru·

190 3128 388 3210 besceret.
425 3127 544 3222 Quod
577 3129 733 3209 bellum
754 3129 873 3210 hodie
896 3130 948 3210 ab
965 3129 1129 3234 ungaris
1148 3125 1356 3207 Crimheld
1374 3128 1592 3212 vocitatur.

191 3249 381 3331 Detricus
414 3264 553 3330 antem
586 3251 831 3331 tradimento
865 3251 1049 3333 Chabam
1094 3277 1295 3357 superans
1337 3249 1459 3332 hunis
1503 3279 1592 3332 om·

190 3373 312 3455 nibus
347 3386 387 3453 et
404 3371 526 3479 Atyle
558 3372 650 3456 liliis
683 3374 839 3474 deletis,
858 3372 935 3453 XV
953 3373 1158 3454 duntaxat
1189 3373 1357 3453 milibus
1382 3373 1591 3455 hunorum

189 3496 500 3603 superstitibus,
559 3523 653 3576 cum
708 3497 860 3602 quibus
908 3495 1049 3577 Chaba
1097 3495 1325 3576 Honorium
1373 3522 1591 3600 grecorum

190 3619 477 3725 imperatorem
511 3618 714 3699 accedens
758 3619 914 3717 effecit,·
961 3619 1080 3700 utin
1113 3616 1322 3724 Scythiam
1358 3632 1593 3702 moraturus

187 3741 357 3822 veniret.

349 3865 414 3944 10.
448 3861 526 3942 Hic
558 3862 700 3944 Chaba
732 3863 773 3942 in
814 3862 979 3972 Scythia
1019 3863 1162 3968 genuit
1202 3863 1387 3944 Edemen
1432 3878 1473 3943 et
1517 3864 1592 3945 Ed.

189 3985 490 4066 Remarrserunt
522 4001 658 4065 autem
694 3985 751 4064 lll
786 3985 896 4064 milia
929 3985 1134 4066 hunorum
1170 3985 1208 4065 in
1242 3985 1475 4086 Pannonia,
1520 3988 1593 4094 qui

188 4108 398 4187 llrdeelew
431 4108 643 4208 intrarunt,
677 4135 758 4187 non
793 4135 836 4188 se
871 4108 1087 4212 lmngaros,
1121 4109 1192 4189 sed
1216 4107 1343 4189 Zelrul
1376 4124 1588 4190 vocantes.

188 4229 252 4310 Illi
284 4230 404 4311 hunis
440 4230 583 4310 iterum
619 4229 759 4311 Chabe
798 4231 977 4329 inunita,
1027 4243 1073 4310 nt
1121 4258 1173 4311 ex
1223 4230 1390 4338 Scythia
1438 4231 1588 4313 iterum

188 4352 441 4432 Pannoniam
477 4353 582 4432 irent
620 4353 845 4452 accersitis,
895 4352 936 4431 in
968 4352 1174 4434 lluthenia
1206 4370 1442 4450 occurrunt,
1494 4383 1592 4435 cum

189 4476 340 4581 quihus
374 4474 557 4554 lldemen
593 4476 737 4576 iuerat,
772 4472 913 4554 Oruba
946 4489 1060 4580 patre
1095 4489 1136 4554 et
1167 4476 1225 4554 Ed
1259 4478 1382 4555 llatre
1415 4477 1454 4555 in
1490 4475 1593 4583 Scy-

187 4599 271 4676 thia
306 4597 626 4679 rernanentibns.
675 4598 725 4677 Et
767 4598 1015 4697 notandum,
1065 4598 1173 4702 quod
1214 4614 1456 4705 aternporc
1493 4600 1592 4680 belli

146 4826 149 4831 g
189 4719 392 4800 lirimhelt
423 4719 633 4800 Pannonia
666 4720 801 4802 extitit
834 4721 871 4801 X
904 4720 1021 4801 annis
1054 4723 1141 4802 sine
1175 4747 1281 4827 rege.

187 4892 393 4902 ——----—-—-

349 4945 373 5046 ¹)
402 4945 457 5025 tia
484 4943 563 5024 (lod.
