3660 5506
839 403 996 508 Q

217 608 391 698 ulterius
413 617 644 724 perieulum
672 618 842 704 minime
864 624 1063 707 enodetis.
1086 621 1177 719 Quo
1200 620 1340 702 audito
1367 613 1485 727 rex¹)
1508 645 1626 701 eom·

218 736 413 822 minando
455 743 494 823 in
538 744 620 825 tale
653 745 826 827 verbum
871 749 1057 856 prorupit
1100 739 1303 853 mmoysl)
1347 740 1511 826 dicens:
1556 741 1626 822 Sin

216 860 338 943 dieite
372 862 613 974 Bazarad³),·
646 869 733 975 ipse
768 883 830 952 est
861 885 1002 980 pastor
1039 869 1180 950 ouium
1216 893 1416 965 mearum,
1450 865 1501 944 tle
1536 865 1627 947 suis

215 985 398 1070 latibulis
432 1016 505 1095 per
536 991 687 1072 barbas
720 1018 816 1077 suas
859 994 1089 1075 extraham.
1122 990 1239 1070 Tune
1283 988 1450 1096 quidam
1485 987 1627 1102 fidelis

215 1111 315 1193 baro
349 1108 496 1193 Donch
531 1114 698 1194 nomine
732 1141 872 1200 eomes
905 1118 956 1197 de
989 1114 1101 1196 Zolio
1119 1125 1161 1192 et
1192 1111 1244 1191 (le
1276 1105 1438 1218 Lipt0⁴)
1472 1110 1531 1189 sie
1566 1110 1629 1190 ait

216 1233 512 1340 regizDomine
546 1264 641 1317 eum
676 1264 825 1342 magna
859 1239 1091 1321 bumilitate
1108 1235 1226 1318 vobis
1260 1251 1301 1314 et
1333 1233 1383 1313 ad
1419 1233 1625 1312 bonorem

214 1372 396 1439 vestrum
430 1358 518 1464 ipse
539 1354 759 1465 Bazarad⁵)
785 1361 988 1468 loquitur3
1022 1360 1174 1442 ideireo
1208 1357 1317 1462 regie
1351 1354 1624 1460 benignitatis

212 1482 396 1565 fauorem
431 1495 471 1560 et
504 1481 668 1586 plenam
703 1480 964 1566 dilectionem
1006 1483 1140 1590 gracie
1173 1480 1249 1561 sibi
1269 1479 1402 1560 velitis
1434 1502 1626 1585 perres-

213 1616 295 1686 tras
326 1605 471 1694 literas
498 1604 751 1686 remandare.
774 1608 891 1689 Tune
914 1636 987 1688 rex
1011 1597 1229 1707 verbum⁶)
1251 1600 1469 1708 asperioris
1503 1627 1626 1680 eom·

214 1726 449 1808 minationis
482 1727 672 1833 superius
702 1730 879 1832 positum
910 1730 1093 1828 iterauit;
1127 1727 1269 1807 relicto
1303 1722 1474 1805 oonsilio
1507 1723 1625 1804 sani·

214 1850 271 1930 ori
304 1849 500 1956 ,protinus
543 1848 647 1929 ultra
688 1866 947 1957 pugnaturus
989 1849 1199 1960 prooessit.
1235 1845 1287 1926 Et
1327 1873 1421 1925 cum
1456 1845 1545 1927 suis
1581 1862 1625 1927 et

213 1967 404 2078 sibi⁷)in
440 1984 545 2052 terra
580 1972 716 2075 ignota
758 1975 864 2055 inter
895 1975 1010 2082 alpes
1043 1988 1084 2054 et
1117 1984 1279 2053 montes
1321 1968 1519 2050 siluarum
1558 1968 1623 2048 vi·

214 2094 365 2175 ctualia
399 2094 585 2174 inuenire
618 2093 892 2202 nequir·ent⁸),
915 2099 1034 2179 farrris
1067 2094 1202 2176 inedia
1237 2092 1325 2197 ipse
1358 2119 1444 2190 res,
1464 2091 1623 2173 milites

213 2228 254 2296 et
295 2215 398 2322 equi>
433 2216 496 2297 sui
541 2217 725 2297 laborare
775 2221 960 2326 protinus
1004 2208 1301 2325 irreeper·unt⁹).
1347 2214 1473 2318 (60b)
1523 2211 1622 2308 Qun

213 2339 321 2418 facto
354 2350 495 2441 treuga
530 2338 713 2420 ordinata
759 2370 851 2422 eum
898 2342 1087 2441 Bazarad,
1122 2356 1162 2421 et
1194 2340 1288 2420 data
1322 2335 1413 2433 fide,
1447 2348 1493 2414 ut
1526 2336 1623 2442 ipse

213 2460 296 2561 regi
330 2472 502 2566 pareret,
536 2472 576 2539 et
609 2463 871 2544 securitatem
906 2465 988 2569 regi
1024 2492 1117 2543 rum
1153 2463 1237 2544 suis
1271 2459 1464 2538 onmibus
1496 2459 1622 2538 reele-

213 2581 311 2662 undi
346 2583 548 2688 preberet,
568 2597 609 2663 et
642 2585 717 2664 iter
749 2600 905 2667 rectum
941 2586 1196 2683 ostenderetr
1220 2611 1294 2665 rex
1328 2580 1623 2661 reuertebatm·

213 2730 395 2804 securus
414 2704 625 2788 confidens
648 2707 697 2785 (le
721 2707 799 2788 fide
833 2707 976 2815 perfidi
1010 2708 1242 2790 seismatiei.
1260 2702 1383 2785 Venit
1417 2703 1455 2781 in
1482 2729 1621 2808 qllan-

213 2827 306 2909 dam
341 2827 449 2908 viam
486 2855 578 2908 eum
614 2841 699 2908 toto
733 2831 931 2921 exercitu,
966 2859 1048 2937 que
1081 2830 1144 2910 via
1180 2827 1338 2909 eratin
1373 2825 1547 2904 circuitu
1579 2841 1622 2905 et

214 2949 262 3029 in
288 2963 463 3055 utraque
496 2962 610 3055 parte
633 2951 730 3056 ripis
752 2952 1105 3058 preeminentibns
1139 2947 1424 3045 rireumelusa,
1445 2960 1485 3025 et
1505 2962 1619 3049 ante,

213 3072 323 3151 unde
365 3084 452 3151 erat
499 3070 606 3151 dieta
647 3072 711 3153 via
762 3075 984 3180 pateneior,
1029 3074 1291 3179 indaginibus
1334 3070 1373 3148 in
1423 3067 1618 3175 pluribus

213 3193 311 3275 loeis
345 3193 501 3273 fortiter
532 3194 665 3273 fuerat
707 3197 981 3302 circumsepta
1024 3224 1098 3303 per
1131 3194 1311 3278 ulaelros.
1348 3190 1434 3271 Rex
1471 3206 1616 3271 autem

211 3315 298 3422 ipse
333 3328 374 3395 et
407 3315 469 3397 sui
504 3342 648 3396 omnes
682 3317 805 3397 niebil
849 3318 930 3398 tale
965 3320 1061 3425 quid
1108 3319 1272 3426 penitus
1306 3314 1535 3420 opinantes,
1574 3314 1613 3394 in

211 3436 308 3544 ripis
344 3437 527 3543 undique
554 3437 794 3521 ulaebormn
820 3441 1040 3522 multitudo
1075 3437 1386 3521 irmmnerabilis
1419 3435 1615 3541 superius

210 3559 477 3641 discurrendo
521 3560 652 3640 iaeula
697 3562 892 3643 iacientes
936 3591 1061 3671 super
1102 3563 1206 3665 regis
1250 3558 1493 3649 exereitum,
1535 3559 1610 3663 qui

210 3693 295 3762 erat
336 3681 376 3761 in
419 3680 548 3761 fundo
591 3682 785 3788 (lepresse
819 3687 894 3785 rie,
930 3714 1011 3793 que
1044 3684 1109 3766 via
1152 3711 1227 3764 neo
1270 3681 1350 3762 die-i
1395 3674 1610 3787 potest¹⁰),

208 3803 279 3884 sed
315 3804 431 3908 quasi
466 3803 584 3885 nauis
618 3805 769 3892 strirta.
804 3806 883 3887 Ubi
928 3823 1095 3914 propter
1133 3831 1367 3914 pressuram
1402 3800 1612 3881 cadebant

208 3926 398 4034 (lextrary
425 3925 631 4006 fortissimi
666 3953 761 4006 rum
797 3927 994 4010 militibus
1028 3929 1373 4034 rimunrquaque3
1399 3923 1495 4031 quia
1529 3950 1611 4003 nee

205 4047 266 4127 ad.
290 4046 398 4153 ripas
432 4047 647 4153 utriusque
689 4049 825 4129 lateris
859 4050 924 4129 rie
958 4067 1124 4156 propter
1156 4048 1425 4157 precipicium
1461 4071 1610 4126 aseen-

206 4169 302 4249 (lere
346 4182 535 4274 poterant
576 4182 715 4250 eontra
760 4170 939 4273 ularlros,
978 4198 1055 4249 nee
1099 4171 1205 4252 ultra
1247 4171 1484 4277 procedere,
1528 4195 1609 4248 neo

205 4291 300 4393 fuge
344 4291 482 4372 looum
526 4290 733 4372 habebant
773 4306 942 4401 propter
985 4292 1196 4396 indagines
1244 4293 1298 4374 ibi
1347 4294 1488 4389 tbrtas,
1532 4290 1608 4371 sed

204 4490 412 4506 *—
455 4489 456 4493 ¹

365 4579 389 4666 ¹)
418 4585 508 4658 elata.
527 4586 639 4658 mente
658 4585 735 4657 add.
757 4584 801 4659 Α.
822 4585 891 4660 VP.
914 4580 940 4674 ²)
965 4587 1024 4659 sir.
1046 4586 1120 4658 nrlrl.
1141 4581 1167 4657 ³)
1194 4588 1374 4662 Wararad.
1396 4589 1443 4666 V.
1465 4585 1493 4668 ⁴l
1519 4587 1607 4681 Lip-

206 4692 275 4762 tou.
296 4685 569 4783 VP.'Liptouia.
590 4689 636 4765 V.
663 4684 690 4767 ⁶)
715 4691 901 4763 Bazarnad.
931 4691 965 4764 S.
996 4686 1022 4769 “l
1048 4693 1204 4784 superbie
1242 4698 1276 4765 ot
1315 4693 1594 4768 oomminationis

206 4790 248 4864 Α.
278 4792 350 4868 VP.
383 4787 407 4870 'l
430 4792 494 4865 sibi
524 4797 558 4866 et
595 4792 677 4868 suis.
708 4790 736 4874 ⁸7
759 4792 924 4886 nequiret.
960 4794 1000 4866 B.
1034 4790 1061 4870 ⁹)
1093 4803 1267 4888 oeperunt.
1296 4799 1370 4874 VP.
1401 4799 1439 4873 S.
1473 4795 1515 4881 ¹⁰)
1545 4821 1609 4873 uer.

206 4895 270 4968 diri
300 4893 355 4971 via
383 4900 506 4994 potest.
535 4895 573 4972 S.
603 4919 664 4975 ner
692 4898 747 4976 via
775 4896 840 4971 diri
869 4901 940 4994 pot.
969 4897 1044 4972 VP.
1074 4897 1119 4974 A.
1195 4951 1200 4959 -
