3592 5490
828 345 984 444 *82—

198 578 412 662 quaquam
445 553 570 637 misit.
592 552 713 636 Unde
746 584 820 637 rex
854 556 1047 639 Salomon
1082 585 1208 667 supra
1240 559 1419 668 Geysam
1454 561 1599 643 ducem

197 678 355 759 inuidie
387 677 582 760 faucibus
594 671 624 784 ¹)
662 669 793 784 magis
826 706 874 760 ac
907 680 1037 786 magis
1082 681 1246 763 exarsit.
1281 680 1430 766 Comes
1473 665 1598 764 eciam

196 798 288 908 Vyd
323 793 630 908 pertinaciter²)
674 798 914 908 incitabat³l
958 830 1110 908 regem,
1143 816 1190 884 ut
1231 803 1380 885 ducem
1423 805 1599 914 Geysam

197 922 438 1029 expelleret,
474 934 516 1002 et
549 921 747 1004 ducatum
783 923 871 1005 eius
914 924 991 1006 sibi
1025 919 1316 1031 ventlioar·et⁴).
1349 924 1401 1006 Et
1434 926 1513 1008 hoe
1544 928 1598 1008 fa·

196 1044 274 1125 cile
307 1044 394 1124 fieri
427 1044 605 1146 dicebat,
630 1071 678 1124 eo
701 1044 810 1152 quod
846 1073 919 1126 rex
954 1046 1084 1126 multo
1119 1047 1258 1154 plures
1291 1047 1443 1130 milites
1477 1076 1596 1156 quam

195 1167 281 1248 dux
315 1167 499 1269 haberet,
533 1194 612 1246 neo
647 1167 724 1246 boo
767 1168 1055 1271 differendum,
1089 1168 1163 1250 sed
1196 1170 1325 1274 magis
1366 1171 1596 1253 acceleran-

195 1289 294 1369 dum
330 1317 420 1371 esse
454 1289 714 1394 suggerebat,
733 1290 1045 1397 seducebatque
1079 1318 1216 1396 regem
1250 1290 1329 1373 hoo
1361 1295 1594 1398 prouerbio:

194 1409 314 1506 Quod
347 1412 456 1493 sicut
479 1411 562 1492 duo
590 1411 713 1519 glady
730 1413 841 1493 acuti
869 1414 907 1493 iu
937 1407 1081 1494 eadem
1101 1413 1249 1518 vagina
1281 1414 1480 1495 contineri
1516 1444 1592 1497 nou

192 1547 375 1642 possent,
402 1534 461 1616 sic
495 1560 664 1615 necros
697 1534 737 1614 in
773 1535 920 1617 eodem
954 1561 1080 1640 reguo
1106 1561 1276 1640 regnare
1304 1536 1489 1644 potestis.
1510 1537 1592 1618 Rex

193 1684 288 1763 ergo
321 1656 540 1738 venenosis
573 1656 710 1737 verbis
756 1657 917 1740 comitis
949 1657 1041 1765 Vyd
1084 1658 1334 1763 tragefactus
1375 1658 1516 1741 odium
1558 1674 1593 1741 et

192 1807 405 1862 rancorem
441 1779 642 1886 concepit.
674 1778 835 1860 Exinde
869 1780 1009 1892 itaque
1044 1781 1244 1885 querebat
1276 1781 1591 1887 oportunitatem

193 1916 265 1984 aut
309 1902 500 2010 capiendi
543 1902 691 1983 ducem
737 1902 915 2011 Geysam
961 1930 1036 2010 per
1079 1901 1257 2004 iusidias,
1291 1917 1362 1983 aut
1405 1903 1592 1985 bellandi.

191 2023 494 2108 Dissimulabat
536 2036 674 2104 autem
687 2021 717 2128 ⁵)
751 2052 825 2105 rex
860 2037 901 2106 et
937 2024 1131 2106 simulata
1165 2024 1286 2131 (39a)
1320 2024 1507 2107 amicicia
1539 2026 1592 2107 di-

191 2147 303 2259 misit
335 2147 487 2229 ducem
522 2145 634 2228 abire
669 2146 709 2226 iu
743 2146 955 2229 ducatum.

191 2387 277 2484 (De
305 2385 556 2468 dolositate
582 2386 711 2490 regis
748 2383 975 2492 bellisque
1014 2383 1193 2467 duobus
1231 2383 1402 2467 dueum
1437 2393 1595 2469 eoum

411 2531 587 2612 regem,
616 2515 664 2588 et
690 2506 747 2588 tle
775 2509 973 2590 victorie
1000 2506 1261 2608 eorundem,
1289 2507 1377 2607 El)

352 2724 449 2806 101.
484 2721 582 2805 Post
615 2722 691 2804 heo
723 2723 863 2830 itaque
905 2723 1015 2807 misit
1055 2749 1129 2803 rex
1164 2721 1214 2802 ad
1258 2732 1486 2830 utrumque
1519 2723 1590 2804 du·

192 2873 296 2946 cem,
325 2859 370 2926 ut
401 2846 525 2927 ambo
559 2845 683 2927 simul
717 2845 769 2926 ad
800 2873 938 2951 regem
974 2845 1163 2927 venirent
1194 2872 1289 2925 cum
1325 2845 1526 2946 exercitu,
1549 2858 1590 2926 ut

192 2996 287 3051 cum
323 2966 595 3076 expedicione
629 2994 755 3074 super
779 2968 863 3076 Nys
897 2981 1075 3050 castrum
1110 2992 1326 3072 grecorum
1360 2966 1589 3072 proficisce-

190 3088 384 3197 1·eutur⁷).
424 3090 509 3170 Rex
545 3088 654 3171 enim
700 3090 841 3172 dolose
874 3089 1116 3172 intendebat
1159 3115 1229 3170 eos
1262 3088 1447 3195 perdere,
1482 3102 1528 3170 ut
1559 3088 1589 3172 si

191 3215 336 3296 ambos
369 3212 617 3320 improuisus
650 3239 797 3320 capere
819 3226 970 3320 posset,
989 3213 1041 3293 de
1068 3223 1204 3292 cetero
1230 3237 1400 3293 securus
1435 3211 1588 3294 fuisset.

191 3334 330 3418 Duces
363 3348 502 3416 autem
538 3333 704 3416 insidias
748 3334 853 3440 regis
894 3334 1180 3442 percipientes,
1214 3332 1292 3414 sibi
1333 3344 1454 3414 caute
1495 3361 1588 3415 con-

189 3459 418 3540 suluerunt.
465 3456 679 3538 Ladislaus
723 3456 844 3563 igitur
886 3485 980 3538 cum
1027 3456 1248 3536 medietate
1296 3456 1507 3538 exercitus
1550 3457 1588 3536 in

189 3579 376 3688 partibus
419 3579 503 3687 Nyr
544 3579 752 3679 remansit,
796 3580 932 3688 Geysa
965 3605 1061 3659 vero
1106 3605 1201 3660 eum
1245 3604 1339 3683 rege
1382 3578 1589 3685 profectus

190 3713 262 3784 est.
309 3702 396 3783 Nec
438 3701 527 3783 ausi
568 3713 666 3783 sunt
708 3696 848 3808 quid⁸)
891 3701 1080 3784 molestie
1121 3700 1256 3781 eidem
1298 3698 1460 3800 inferre,
1495 3701 1590 3807 quia

189 3825 422 3906 Ladislaum
458 3825 498 3904 in
532 3851 659 3905 manu
692 3825 828 3905 valida
859 3823 993 3905 fratris
1026 3823 1201 3905 ultorem
1236 3821 1321 3903 fore
1354 3846 1436 3901 non
1470 3822 1591 3905 dubi·

189 3948 344 4028 tabant.
378 3948 540 4028 Interea
573 3945 646 4026 viri
680 3946 732 4026 de
764 3946 849 4052 Nys
884 3946 1057 4026 multam
1092 3944 1310 4052 pecuniam
1343 3942 1384 4024 in
1418 3970 1519 4027 auro
1552 3959 1593 4027 et

188 4082 356 4174 argento
390 4083 431 4149 et
462 4067 659 4177 preciosis
703 4068 836 4177 pallys
868 4068 952 4173 regi
985 4083 1026 4148 et
1058 4068 1153 4148 duci
1197 4066 1487 4146 habundanter
1518 4068 1592 4149 ob·

189 4191 383 4291 tulerunt,
418 4205 459 4272 et
492 4217 573 4299 que
605 4190 720 4296 pacis
764 4204 862 4274 sunt
893 4184 1214 4298 optinueruntl).
1258 4187 1419 4268 Deinde
1452 4215 1593 4271 reuer-

189 4327 321 4395 tentes
354 4315 406 4396 ab
439 4314 541 4396 urbe
575 4312 692 4393 Keue
726 4340 799 4393 rex
833 4329 875 4394 et
907 4314 992 4394 dux
1028 4313 1080 4394 ab
1112 4312 1295 4392 inuicem
1328 4324 1425 4392 suut
1456 4309 1593 4394 diuisi.

348 4535 371 4621 ¹)
401 4539 543 4613 lacibus.
581 4539 620 4610 B.
662 4532 687 4616 ²2·
711 4537 946 4631 peruicaoiter.
988 4530 1014 4623 ³)
1048 4535 1248 4629 instigabat.
1288 4529 1316 4614 ⁴)
1342 4532 1408 4607 sibi
1446 4533 1487 4607 de
1523 4535 1592 4610 leui

188 4647 303 4737 posset
331 4642 518 4716 vendicare.
551 4644 620 4716 VP.
644 4637 670 4721 ⁵l
698 4648 822 4715 temen.
855 4643 923 4713 l'P.
955 4643 993 4713 Β.
1016 4635 1042 4718 ⁶)
1068 4641 1117 4712 De
1147 4639 1326 4713 concordia
1353 4639 1536 4713 eorundem
1557 4642 1591 4716 S.

191 4744 215 4818 'l
241 4753 275 4819 et
303 4772 376 4821 rum
407 4770 506 4820 exerc
548 4769 652 4840 super
680 4749 752 4843 Nys
782 4751 884 4820 castr.
906 4767 997 4842 grec.
1019 4746 1106 4843 prof.
1138 4738 1164 4822 8l
1187 4742 1377 4843 quicquam.
1409 4738 1436 4825 ”l
1463 4750 1521 4840 ,et
1543 4786 1593 4802 -

187 4852 442 4928 obtnruer·unt“
476 4876 541 4928 our.
571 4851 642 4928 llP.
