3592 5490
763 390 919 491 jar-e-

299 602 368 683 69.
403 601 629 684 MCCCXX
661 605 823 709 accepit
855 632 928 682 rex
963 602 1137 685 Karolus
1171 602 1382 684 Elizabeth
1419 602 1545 683 filiam

142 722 246 828 regis
279 723 465 826 Polouie,
508 725 559 805 (le
592 752 676 830 qua
709 724 852 805 habuit
887 724 1015 805 filiurn
1048 723 1260 825 Karolum,
1294 724 1364 831 qui
1398 724 1546 803 eodem

142 871 251 925 anuo
294 860 479 928 mortuus
523 847 563 926 iu
608 847 716 927 Alba
755 846 965 951 sepelitur.
1019 846 1169 928 lterum
1226 845 1371 927 habuit
1415 844 1547 926 filium

142 967 391 1048 Ladislaum.
425 967 519 1049 Post
552 969 629 1048 hoc
660 994 769 1048 auno
802 967 939 1049 XXVI
972 968 1153 1050 nascitur
1184 967 1263 1049 sibi
1294 966 1402 1050 filius
1429 967 1546 1076 Lays.

144 1090 266 1170 Anno
298 1089 455 1170 XXVII
487 1090 662 1172 eeclesia
695 1089 890 1172 Albensis
922 1089 1113 1171 incendio
1155 1089 1432 1191 consumitur3
1474 1089 1547 1170 sed

143 1210 294 1292 iterum
326 1239 400 1291 rex
434 1237 526 1293 eam
559 1212 815 1313 restaurauit,
849 1226 890 1292 et
922 1212 1094 1318 plumbo
1128 1223 1265 1317 tegere
1282 1212 1391 1292 fecit.
1425 1207 1548 1292 Auno

146 1333 291 1413 eodem
327 1333 510 1416 nascitur
542 1334 579 1415 ei
610 1334 720 1416 filius
754 1333 953 1415 Andreas,

305 1450 374 1538 70.
416 1459 538 1537 Auno
582 1456 736 1537 domiui
784 1451 1069 1538 MCCCXXIX
1119 1455 1289 1537 moritur
1335 1454 1549 1537 Ladislaus

145 1575 254 1658 filius
296 1577 396 1661 eius.
440 1579 534 1661 Fuit
572 1595 714 1660 autem
756 1576 977 1683 tranquilla
1016 1604 1097 1685 pax
1141 1578 1288 1660 diebus
1329 1576 1471 1659 multis
1507 1575 1550 1657 in

146 1697 369 1806 Hungaria.
412 1698 491 1782 Sed
530 1700 762 1783 Feliciauus
804 1698 921 1781 miles
959 1700 1175 1782 dominum
1209 1728 1331 1783 suurn
1351 1698 1550 1799 Karolum

147 1847 298 1927 regern,
333 1823 600 1930 reginamque
634 1850 730 1904 eum
763 1820 940 1903 ducibus
974 1821 1065 1931 filys
1103 1822 1290 1905 occidere
1324 1822 1553 1904 conabatur
1616 1863 1621 1872 ·

147 1942 294 2048 gladio,
326 1945 398 2026 sed
432 1945 687 2053 interceptus
720 1958 761 2024 et
792 1942 1002 2048 iugulatus
1035 1945 1395 2053 interernptusque
1428 1957 1491 2026 est
1527 1968 1552 2024 a

147 2065 336 2148 satellite.
369 2065 550 2148 Domina
582 2067 723 2174 regina
754 2078 894 2147 autern
927 2067 980 2148 ab
1013 2093 1063 2148 eo
1096 2066 1174 2148 luit
1208 2066 1418 2148 wlnerata.
1451 2065 1551 2148 Pos-

148 2200 216 2269 tea
247 2190 485 2271 successiue
518 2202 605 2271 orta
638 2204 736 2272 sunt
767 2187 977 2271 horribilia
1009 2189 1118 2270 bella
1152 2201 1294 2270 contra
1326 2215 1476 2294 regem,
1512 2197 1554 2268 et

147 2311 314 2393 fortuna
344 2312 483 2420 ipsum
516 2312 751 2420 dereliquit,
789 2324 830 2393 et
863 2311 993 2392 multa
1026 2311 1138 2393 milia
1170 2323 1434 2411 corruerunt,
1468 2321 1554 2391 tam

149 2459 333 2539 suorum,
367 2461 492 2542 quam
526 2433 805 2518 Vilaehorurn.
