3592 5490
890 358 1046 457 ..Q

268 598 376 673 rem,
409 570 534 653 filiam
569 573 674 676 regis
708 572 844 653 Karoii
877 572 928 653 de
964 573 1116 680 Apulia
1149 589 1287 656 tamen
1322 575 1483 658 adhesit
1516 603 1678 659 concu-

268 693 374 774 binis
418 721 702 775 cunmnorum.
745 695 914 802 Propter
957 695 1068 801 quod
1105 696 1264 802 legatus
1294 697 1511 780 Firmanus
1543 700 1678 783 adue·

269 817 328 896 nit
385 816 507 896 ritum
562 844 813 923 paganorum
870 817 1140 917 interdicens,
1200 845 1336 924 regem
1396 821 1678 903 anathematis

271 938 436 1021 vinculo
474 939 670 1019 feriendo.
717 938 813 1018 Post
859 938 935 1017 hoc
979 954 1041 1019 est
1083 940 1370 1024 miserabiliter
1410 969 1435 1022 a
1482 945 1679 1025 cumanis

271 1060 509 1141 intertectns
543 1088 614 1140 rex
650 1060 729 1141 iile.
767 1061 864 1140 Eius
898 1061 1008 1141 enim
1042 1076 1229 1168 tempore
1262 1064 1373 1170 cepit
1406 1064 1621 1170 Hungaria
1654 1091 1680 1146 a

269 1208 345 1263 sna
377 1183 595 1287 magnifica
626 1183 753 1286 gioria
785 1181 957 1280 (deflecti,
992 1184 1218 1266 orientibus
1253 1186 1371 1267 bellis
1407 1186 1628 1269 intestinis.

427 1306 497 1384 62.
544 1302 665 1384 Anno
705 1304 857 1384 domini
897 1302 1082 1386 MCCXC
1113 1306 1198 1387 dux
1233 1307 1419 1389 Andreas
1452 1307 1504 1388 de
1535 1308 1679 1390 Vene-

270 1454 341 1534 cys
375 1427 645 1507 introducitm·
681 1442 721 1506 ct
761 1439 979 1506 corrmatm·
1017 1443 1058 1506 ct
1094 1455 1202 1508 anno
1238 1430 1421 1510 secundo
1454 1432 1568 1535 regni
1613 1432 1682 1514 sui

273 1548 485 1630 Austriam
523 1548 760 1632 debellauit.
800 1548 880 1628 Sed
911 1548 1069 1629 nobiles
1101 1550 1211 1650 regni
1245 1579 1268 1630 a
1300 1578 1409 1658 papa
1436 1580 1574 1655 regem
1605 1581 1680 1660 pe-

272 1670 436 1770 tierunt,
467 1671 506 1750 in
541 1672 707 1752 Arrdree
737 1671 845 1751 iilius
873 1671 1158 1776 pneiuditium.

424 1793 495 1877 63.
532 1793 642 1900 Papa
663 1794 712 1872 ad
736 1794 937 1873 baronum
974 1793 1217 1874 instantiam
1253 1795 1460 1902 quendam
1496 1824 1680 1901 puerum

269 1915 324 1996 Xl
375 1942 576 1995 annorum
625 1916 791 1995 nomine
836 1915 1029 1993 liarolum
1076 1942 1184 1995 anno
1225 1917 1379 1996 ‹hmrini
1425 1916 1680 2000 MCCXCIX

269 2038 436 2117 uiuente
470 2037 606 2118 adhuc
640 2038 806 2118 Andrea
849 2063 942 2140 rege
984 2037 1021 2115 in
1069 2037 1318 2143 hungariam
1364 2039 1601 2143 destinauit,
1639 2060 1682 2123 et

269 2175 314 2239 ut
348 2187 515 2263 regnare
549 2160 715 2259 valeret,
750 2176 791 2238 et
823 2173 965 2237 eornm
1006 2186 1144 2261 regem
1179 2161 1387 2241 Antheam
1424 2176 1678 2267 potestatem

267 2281 483 2387 acciperet,
519 2310 647 2361 mmm
684 2296 724 2362 et
757 2281 883 2360 alium
917 2280 968 2359 de
1001 2280 1127 2361 latere
1161 2283 1316 2386 legatos
1350 2283 1470 2387 misit,
1504 2283 1577 2389 qni
1614 2286 1680 2365 ni·

268 2403 348 2482 chil
392 2431 512 2508 agere
554 2404 739 2484 valentes
787 2401 940 2483 reuersi
988 2416 1097 2483 sunt.
1145 2404 1311 2484 interim
1360 2431 1469 2486 anno
1516 2405 1681 2487 domini

267 2524 432 2606 MOCCI
475 2526 661 2607 Andreas
704 2526 819 2607 Bude.
870 2524 1039 2604 moritur
1080 2540 1121 2605 et
1160 2526 1199 2606 in
1246 2525 1421 2607 eeclesia
1464 2526 1678 2609 Minorum

266 2648 463 2754 sepelitur
494 2646 598 2742 ‚Quo
632 2661 793 2728 mortuo
827 2648 1001 2726 barones
1043 2648 1154 2753 regni
1189 2648 1227 2758 in
1262 2649 1365 2730 duas
1405 2666 1540 2756 partes
1573 2667 1681 2731 sunt

268 2770 401 2850 diuisi.
435 2769 612 2864 Quidam
658 2770 806 2850 Karoia
847 2768 1113 2869 adherebant,
1147 2771 1326 2851 eundern
1372 2798 1509 2875 regern
1547 2774 1682 2854 verbo

269 2918 351 2970 non
393 2894 501 2972 t'acto
545 2893 818 2971 nominantes.
859 2892 937 2998 ,try
971 2903 1012 2969 ct
1053 2893 1190 2998 plures
1232 2919 1406 2974 numero
1450 2919 1534 2973 una
1577 2922 1679 2976 cum

269 3015 473 3120 episcopis
517 3013 731 3095 Colocensi
768 3013 954 3117 Agriensi
986 3010 1242 3095 Waradiensi
1276 3014 1465 3095 Vaciensi
1509 3014 1681 3097 Chana-

268 3136 397 3217 diensi
432 3137 630 3217 Boanensi
651 3148 691 3216 et
718 3135 909 3242 Sepsensi
945 3161 1077 3238 usque
1106 3136 1345 3216 Bnhemiam
1382 3154 1681 3242 processerunt

268 3258 316 3337 ad
351 3286 489 3361 regem
525 3257 830 3359 ii'cnceslaum,
866 3275 910 3337 ut
952 3258 1062 3358 regni
1106 3258 1335 3365 susciperet
1377 3259 1678 3362 gubernacula,

268 3393 308 3459 et
340 3408 412 3459 rex
447 3394 576 3481 esset3
609 3408 661 3459 nc
683 3380 912 3460 libertatem
936 3381 1050 3466 rcani
1070 3407 1143 3486 per
1168 3380 1374 3461 dationem
1412 3407 1518 3487 papo
1551 3383 1678 3462 amir-

267 3518 412 3582 terent.
447 3501 716 3583 ih'enceslans
750 3503 889 3582 venire
926 3504 1069 3603 noluit,
1103 3490 1173 3581 sed
1209 3501 1337 3583 tilium
1371 3529 1494 3582 suurn
1528 3503 1680 3584 simili·

267 3638 329 3703 ter
359 3623 651 3705 wenceslaum
697 3624 890 3728 hungaris
933 3624 1116 3705 deditio
1163 3651 1312 3729 regem,
1346 3638 1387 3703 et
1419 3624 1493 3729 ipsi
1530 3628 1679 3707 coute-

267 3747 343 3827 ctis
376 3747 657 3826 instrumentis
699 3746 921 3846 literarum,
955 3761 995 3827 et
1037 3747 1234 3827 roboratis
1273 3745 1368 3826 fidci
1409 3745 1678 3827 tinnamento

268 3869 517 3948 unanimiter
558 3883 841 3974 susceperunt.
887 3867 949 3946 hd
996 3868 1147 3948 Albam
1201 3868 1408 3949 ciuitatem
1454 3888 1676 3971 venerunt,

268 3992 337 4072 ubi
372 3990 706 4096 archiepiscopus
739 3989 974 4072 Colocensis
1019 4019 1114 4071 cnm
1148 3989 1235 4097 alys
1268 4016 1364 4071 cnm
1408 4012 1676 4093 coronarunt,

267 4113 461 4219 quoniam
505 4112 623 4193 sedes
667 4110 953 4216 Strigoniensis
995 4128 1094 4192 tuuc
1137 4113 1323 4193 vacabat.
1361 4111 1462 4191 inde
1507 4111 1675 4194 Budarn

267 4235 492 4333 venientes
516 4233 752 4315 Coloccnsis
786 4248 827 4314 et
852 4232 1091 4340 Scepsensis
1124 4234 1366 4333 moriuntur,
1385 4246 1427 4312 et
1459 4233 1498 4312 in
1535 4236 1676 4316 cccle-

267 4356 327 4439 sia
359 4356 562 4437 minorum
598 4355 867 4437 tumulantur.
900 4356 1087 4437 Ladislao
1100 4351 1128 4462 ¹)
1162 4356 1220 4436 sic
1253 4356 1295 4436 in
1327 4355 1444 4437 Buda
1477 4356 1673 4460 degente,

268 4478 429 4560 nullum
472 4494 664 4577 castrum,
708 4479 823 4559 nulla
865 4491 1046 4584 potestas
1089 4478 1184 4557 data
1227 4488 1301 4578 cst,
1334 4478 1407 4558 sed
1452 4504 1535 4557 una
1579 4507 1677 4585 pars

270 4603 548 4706 hungarorum
579 4601 775 4681 Karolum
809 4626 881 4707 pro
914 4626 1020 4704 rege,
1055 4599 1220 4680 nomine
1254 4625 1336 4679 nou
1371 4625 1436 4697 1·e;
1462 4599 1543 4679 alia
1578 4628 1677 4708 pars

270 4774 385 4782 --.---
407 4774 473 4781 -.-.-

430 4838 455 4933 ¹)
485 4842 619 4916 Codex:
648 4843 790 4915 Karolo.
