3592 5490
85 524 89 532 ’
167 533 324 614 semiue
373 531 527 639 lapbet
577 531 774 613 oriundus
828 533 938 640 oepit
991 548 1144 615 tuuem
1189 549 1426 617 construere
1473 563 1575 617 eum

167 657 277 736 onmi
313 655 555 759 cognatione
589 681 675 735 sua.
717 654 948 737 Periculum
983 652 1266 763 preteritum¹)
1300 657 1575 757 attendendo

168 795 213 858 nt
265 779 298 860 si
350 777 604 881 coritiugeret
655 777 858 858 diluuium
909 779 1065 880 iterari,
1128 795 1298 885 possent
1345 775 1576 884 effugere²)

168 899 364 981 indicium
419 898 585 979 ultionis
636 898 756 978 turris
799 900 1025 1004 interfugio.
1074 899 1215 980 Diuini
1258 928 1354 981 vero
1397 902 1576 982 misterii

167 1023 361 1104 arbitrata
393 1020 616 1119 sentencia,
652 1021 716 1101 rui
751 1049 830 1102 non
867 1023 976 1102 valet
1008 1024 1195 1104 resistere
1220 1017 1428 1104 burnanus
1450 1025 1578 1104 intel·

166 1145 321 1246 lectus,
374 1145 432 1224 sio
476 1143 635 1223 illorum
682 1146 858 1225 mutauit
900 1144 1105 1249 loquelam
1145 1171 1193 1224 ae
1226 1140 1474 1252 eonfudit3),
1529 1161 1580 1226 ut

167 1267 264 1346 dum
302 1267 514 1373 proxinms
549 1292 572 1343 a
606 1266 793 1371 proximo
829 1295 909 1345 mm
944 1281 1083 1372 posset
1115 1267 1297 1372 intelligi,
1331 1267 1500 1348 tandem
1533 1269 1578 1348 iu

165 1389 349 1470 diuersas
383 1388 568 1491 regiones
601 1400 698 1467 sunt
730 1388 912 1494 dispersi.
954 1388 1121 1468 l‘eoerat
1154 1388 1262 1469 euim
1287 1390 1326 1469 in
1348 1391 1448 1470 turri
1469 1390 1580 1496 ipsa,

166 1511 273 1591 siout
306 1511 428 1589 ret'eit
458 1508 687 1614 ‘Iosephus
721 1510 891 1590 deormn
926 1511 1082 1615 templa
1115 1538 1166 1590 ex
1202 1537 1301 1591 aruo
1335 1513 1578 1617 purissime,

167 1632 327 1740 palaeia
358 1631 564 1738 lapidibus
598 1631 807 1736 pretiosis,
850 1632 1094 1737 ‹olumpnas
1137 1660 1281 1713 aureas
1323 1659 1370 1712 ao
1409 1634 1579 1739 plateas

165 1753 441 1836 diuersimode
475 1752 600 1859 petris
634 1754 822 1834 eoloratis
856 1769 896 1834 et
915 1754 1087 1834 diuersis
1110 1755 1337 1835 abstractis.
1371 1755 1421 1835 Et
1447 1757 1578 1838 turris

164 1878 324 1984 ipsein
361 1875 562 1983 quadrum
597 1875 816 1957 subleuata
848 1877 900 1957 ab
934 1902 1016 1956 nno
1050 1877 1200 1981 augule
1234 1877 1273 1956 iu
1304 1875 1382 1957 alio
1408 1877 1578 1959 babens

166 1993 353 2107 passnsl)
407 1996 672 2101 longitudinis
733 2000 829 2078 mile
883 2012 924 2077 et
987 1995 1290 2103 quindeei1u5),
1340 1999 1579 2080 latitudinis

165 2122 348 2201 totidem.
383 2119 598 2215 Quantitas
623 2147 718 2199 rere
744 2120 970 2201 altitudinis
994 2120 1108 2212 linita
1141 2121 1323 2201 neudum
1360 2135 1458 2222 erat,
1494 2123 1574 2203 sed

165 2271 299 2349 usque
341 2243 390 2322 ad
434 2242 619 2321 lunarem
664 2240 907 2347 eireuluml)
951 2242 1129 2346 cogitatu
1177 2243 1338 2324 illorum
1387 2243 1579 2325 debebat

166 2367 389 2447 subleuari.
457 2364 697 2444 Grossitndo
755 2377 894 2445 autem
953 2364 1235 2465 fumlamenti,
1287 2376 1576 2447 trecentorum

163 2515 362 2595 passuum
397 2502 505 2585 erat3
541 2485 738 2592 paulatim
774 2487 940 2593 quidem
976 2487 1204 2588 artabatur,
1247 2502 1293 2566 ut
1329 2488 1576 2592 premittens

166 2609 329 2716 pondus
364 2621 503 2714 posset
535 2608 669 2690 leuius
702 2604 975 2714 sustentue⁷>
1017 2608 1247 2712 grossitudo
1290 2609 1572 2691 fundamenti.

163 2730 248 2811 Sita
280 2731 389 2810 euim
425 2743 511 2810 erat
543 2728 648 2809 inter
670 2729 845 2810 Nnbiam
881 2744 922 2810 et
941 2730 1159 2838 Egyptum,
1193 2730 1311 2810 euius
1341 2731 1577 2837 antiqualia

163 2867 388 2934 eei'rmntm·
420 2879 554 2958 usquo
577 2852 697 2932 bod-ie
719 2854 914 2933 mantibus
938 2852 989 2932 de
1012 2851 1188 2958 Ympbis
1210 2851 1575 2960 Alexandriarn.⁸)

319 2975 356 3056 2.
402 2970 641 3078 Nemrotbl)
686 2975 798 3080 gigas
850 2989 943 3081 post
993 2974 1225 3077 linguarum
1279 2974 1572 3056 confusionem

162 3096 316 3178 terram
349 3094 509 3178 lluilatb
543 3096 692 3177 dieitur
719 3092 967 3205 introisse¹⁰)
1006 3122 1087 3200 que
1120 3097 1231 3200 regio
1264 3094 1455 3177 Persiden
1489 3098 1575 3178 isto

163 3233 348 3325 tempore
385 3214 763 3323 norninaliatur¹¹),
796 3220 937 3325 ibique
970 3219 1073 3299 duos
1102 3218 1205 3300 filios
1234 3216 1379 3299 Houor
1408 3218 1576 3300 seilicet

163 3356 204 3421 et
242 3340 382 3445 Magor
419 3342 470 3420 de
511 3336 716 3446 Eneob¹²)
750 3368 825 3422 sua
865 3340 1039 3444 coniuge
1069 3340 1297 3444 generauit,
1330 3369 1381 3420 ex
1412 3341 1575 3446 quibus

162 3462 261 3544 lmui
291 3463 379 3544 siue
408 3464 581 3567 lumgari
613 3478 710 3544 snut
739 3464 901 3569 egressi.
936 3461 1016 3541 Sed
1044 3463 1155 3567 gigas
1175 3456 1436 3568 Nemrotli¹³)
1458 3491 1574 3544 uxo-

162 3611 226 3666 res
251 3586 351 3666 alias
374 3586 461 3666 sine
481 3585 622 3665 Eneeh
644 3586 838 3666 habuisse
860 3583 1111 3691 perhibetur,
1144 3611 1196 3664 ex
1227 3585 1377 3689 quibus
1405 3585 1574 3692 absque

161 3706 306 3788 Hunni·
343 3721 384 3786 et
410 3707 552 3812 Magni·
581 3707 719 3814 plures
751 3707 852 3786 lilios
884 3721 924 3786 et
953 3706 1056 3786 filias
1079 3704 1301 3810 generauit.
1325 3704 1387 3814 Hy
1412 3705 1475 3787 sui
1497 3707 1573 3816 fity

162 3842 371 3910 eteorum
404 3831 619 3936 posteritas
654 3829 846 3909 Persiden
881 3829 1111 3908 inlrabitaut
1140 3829 1366 3968 regioueim
1410 3843 1573 3910 statura

161 3964 203 4030 et
240 3951 375 4030 eolore
412 3952 566 4032 similes
610 3952 748 4053 lumis,
788 3950 1076 4031 tantummodo
1109 3950 1302 4030 dillerunt
1339 3977 1486 4056 parum
1529 3952 1571 4033 in

321 4192 345 4289 ¹)
377 4192 578 4287 predictum.
615 4188 641 4289 ²)
668 4193 840 4286 stringere.
892 4186 918 4290 ³)
947 4189 1136 4266 confundit.
1167 4187 1195 4287 ⁴)
1211 4213 1386 4284 passuum.
1422 4187 1448 4289 ⁵)
1469 4193 1577 4267 milia

160 4313 359 4408 quindecim.
375 4313 402 4404 ὅ)
418 4336 524 4407 usque
538 4315 666 4389 lmnuu.
685 4319 711 4405 ⁷)
727 4316 961 4388 substentare·
978 4316 1006 4404 ⁸)
1023 4312 1087 4386 Hie
1103 4310 1232 4386 omittit
1248 4311 1352 4385 editio
1369 4315 1572 4406 sequentia,

160 4458 245 4529 qnae
260 4436 354 4508 Kena
368 4441 401 4509 ot
416 4435 451 4510 S.
470 4435 615 4509 hubent:
632 4434 792 4508 Dimissis
803 4457 884 4528 ergo
901 4433 1095 4507 incidentiis
1110 4456 1174 4526 que
1197 4439 1293 4527 cepte
1319 4434 1457 4507 inaterie
1485 4435 1574 4511 dont

159 4559 316 4645 colorem,
343 4557 550 4630 redeundum
573 4563 625 4630 est
641 4558 682 4630 ad
698 4557 843 4651 irrepta.
861 4553 946 4654 (red.
964 4560 1016 4629 est
1037 4556 1080 4628 ad
1098 4556 1275 4629 Nemroth.
1305 4553 1367 4652 K.)
1396 4551 1424 4648 9)
1447 4555 1573 4648 igitur.

159 4680 234 4752 edd.
256 4679 291 4753 S.
317 4675 357 4776 ¹⁰)
380 4684 442 4752 ter.
464 4681 526 4751 En.
549 4677 715 4751 intreiuit.
749 4674 790 4769 ¹¹)
811 4679 984 4752 Persidem
1008 4720 1052 4732 -
1075 4678 1281 4772 appellatur.
1319 4670 1359 4769 ¹²)
1384 4678 1506 4772 Mogor
1527 4681 1573 4753 de

160 4799 288 4876 Eueth.
315 4796 355 4896 ¹³)
379 4822 510 4895 gigans
527 4801 729 4893 Nenrprotlr.

6 5062 10 5069 ι
