3660 5506
212 511 465 616 adolescens,
491 528 532 595 et
564 544 672 598 unus
705 516 781 597 sibi
804 514 936 598 fidelis
968 509 1190 620 famulus¹)
1223 515 1363 620 lugam
1399 513 1612 621 capientes

212 637 388 719 euadere
429 637 599 718 minime
641 652 876 745 potnerunt,
909 639 949 718 iu
985 638 1125 719 caudis
1168 663 1370 744 equorum
1404 635 1487 715 vite
1531 650 1612 715 ter-

212 759 368 839 minum
404 777 691 866 perceperunt.
724 758 909 854 Quorum
944 761 1129 841 omnium
1173 760 1376 840 cadauera
1408 784 1536 839 canes
1571 758 1612 837 in

210 880 349 988 platea
381 908 477 962 cum
510 882 671 963 ossibus
705 897 975 964 corroserunt.
1003 883 1127 988 (oali)
1162 881 1212 961 Et
1245 881 1415 986 dignum
1450 879 1613 987 quippe

211 1015 298 1082 erat
329 1016 376 1083 ut
408 1002 650 1103 FelicianuS,
685 1004 755 1110 qui
801 1005 952 1086 multos
996 1003 1247 1085 christicolas
1294 1003 1489 1082 membris
1524 1002 1615 1082 suis

209 1124 390 1205 feraliter
421 1125 650 1205 mutilando
669 1126 916 1232 priuauerat,
936 1126 1023 1233 ipso
1043 1125 1239 1206 membris
1272 1123 1465 1205 omnibus
1499 1122 1614 1205 insto

210 1246 276 1326 dei
308 1246 458 1328 iudicio
492 1247 734 1353 priuaretur.
768 1247 818 1328 Et
851 1249 920 1354 qui
956 1250 1088 1328 lucrat
1120 1260 1247 1327 tortor
1278 1273 1509 1353 pauperum
1549 1245 1614 1324 in-

210 1367 410 1471 defessuS,
453 1395 478 1448 a
519 1370 730 1451 communi
780 1385 908 1450 morto
958 1370 1172 1451 homiuum
1223 1369 1430 1468 exclusus,
1477 1383 1615 1447 morte

211 1491 358 1570 canina
391 1504 432 1570 et
462 1491 680 1572 subitanea
718 1506 954 1594 moreretur,
990 1507 1034 1573 ut
1067 1492 1183 1598 qnasi
1217 1490 1330 1571 canis
1363 1517 1457 1569 cum
1493 1490 1613 1569 cani·

210 1612 290 1694 bus
321 1611 552 1720 perciperet
592 1615 842 1722 porcionem.
877 1614 908 1693 p
913 1614 979 1695 ilia
1012 1640 1178 1721 quoque
1212 1612 1300 1693 eius
1332 1610 1451 1692 Clara
1483 1638 1614 1692 voca·

210 1733 322 1836 bul0,
355 1735 467 1840 virgo
501 1735 778 1842 pulcherrima
811 1739 861 1815 de
895 1737 990 1817 aula
1032 1736 1142 1840 regia
1185 1733 1425 1834 extrahitur,
1460 1749 1501 1812 et
1536 1760 1614 1814 na·

210 1856 323 1939 ribus
357 1884 451 1938 cum
487 1858 604 1967 labys
643 1859 815 1965 turpiter
856 1858 1051 1940 mutilatis
1095 1857 1228 1940 solnm
1263 1857 1457 1938 dontibus
1491 1870 1615 1962 pate·

209 1979 339 2081 lactis,
372 1996 414 2060 et
445 1994 537 2061 octo
571 1981 705 2087 digitis
738 1982 954 2061 ambarum
989 2008 1188 2062 manuum
1222 1978 1458 2087 amputatis,
1486 1977 1613 2084 polli-

211 2100 328 2183 cibus
360 2101 506 2182 saltem
552 2103 873 2205 remanentibus,
908 2131 981 2210 per
1021 2103 1202 2210 plurium
1244 2101 1458 2183 ciuitatum
1492 2100 1613 2184 vicos

211 2236 253 2303 et
284 2224 441 2329 plateas
483 2225 683 2331 perducta
719 2227 759 2306 iu
794 2253 902 2332 equo
945 2226 1149 2308 semiuiua
1182 2243 1223 2305 et
1255 2224 1403 2305 misera
1446 2224 1612 2330 procla·

211 2371 323 2426 mare
356 2347 618 2452 compellitur
649 2349 690 2428 in
725 2348 800 2428 hec
822 2349 967 2429 verba:
1003 2346 1082 2442 Qui
1116 2347 1198 2452 regi
1232 2342 1405 2427 infidelis
1439 2360 1512 2447 est,
1533 2373 1614 2452 per

210 2467 349 2548 omnia
391 2468 591 2575 percipiat
634 2470 841 2550 talionem.
887 2472 1027 2551 Altera
1074 2471 1243 2576 insuper
1283 2468 1365 2549 filia
1408 2468 1612 2550 Feliciani

210 2590 350 2693 maior,
383 2591 550 2673 nomine
582 2588 733 2700 Zeba‘·')
753 2593 915 2674 cuidam
951 2593 1076 2674 nobili
1111 2592 1278 2673 nomine
1312 2586 1498 2699 llopey³)
1519 2619 1612 2672 ma-

209 2712 493 2794 trimonialiter
534 2729 665 2823 nupta
707 2730 802 2795 ante
851 2729 1030 2796 castrum
1075 2716 1189 2796 Lena
1230 2715 1345 2796 iussn
1387 2709 1611 2820 sitierint)

210 2834 307 2915 dicti
349 2835 400 2915 de
444 2835 580 2917 Beche
621 2837 830 2920 familiaris
871 2835 1017 2945 regis⁵)
1061 2837 1272 2918 castellani
1313 2835 1442 2942 ipsius
1484 2837 1612 2918 castri

209 2957 344 3065 capite
377 2957 696 3067 detruncatnr⁶).
721 2958 770 3040 Et
801 2960 890 3067 ipse
925 2961 1068 3067 Kopey
1087 2959 1126 3039 in
1161 2957 1410 3065 captiuitatis
1439 2957 1611 3039 vinculo

208 3078 350 3162 mortis
383 3081 568 3162 debitum
604 3078 853 3189 persoluit⁷).
876 3082 962 3190 l'ily
996 3081 1180 3163 eiusdem
1215 3081 1384 3186 insuper
1418 3079 1457 3159 in
1492 3080 1610 3162 insu·

207 3200 291 3282 lam
324 3199 565 3310 marinam⁸)
598 3217 938 3311 transportantur,
972 3231 1187 3310 nimquam
1229 3216 1376 3283 terram
1421 3201 1609 3283 natinam

208 3323 399 3405 decetero
431 3326 616 3408 renisuri.
636 3325 752 3407 Multi
786 3328 965 3434 denique
989 3327 1040 3407 de
1065 3326 1193 3434 ipsius
1225 3351 1376 3430 genere
1409 3322 1611 3405 Feliciani

207 3446 367 3528 nobiles
400 3448 665 3531 trucidantur.
703 3448 768 3530 Sic
809 3449 931 3557 igitur
964 3450 1028 3530 bic
1065 3447 1297 3529 l'elioianus
1339 3446 1485 3527 infelix
1519 3446 1610 3528 lese

207 3568 431 3650 maiestatis
465 3572 620 3652 crimen
660 3572 850 3672 incurrit3
882 3573 1066 3654 turbauit
1106 3598 1291 3677 reguum,
1326 3568 1506 3649 extinxit
1541 3596 1610 3651 se·

207 3718 303 3772 men
336 3694 561 3799 proprium,
580 3721 695 3776 suam
730 3710 895 3799 gentem
930 3688 1200 3799 infamiauit⁹)
1235 3705 1276 3772 et
1308 3691 1485 3799 perdidit
1512 3718 1613 3774 esca

209 3840 358 3894 canum
401 3814 592 3918 ell'ectns3
628 3816 787 3899 solutus
825 3844 849 3897 a
881 3817 1021 3899 seculo
1063 3816 1211 3921 ligatus
1244 3813 1379 3897 estin
1425 3814 1611 3896 barratro

207 3964 256 4018 ac
288 3937 496 4043 sepultns3
530 3939 684 4019 mundo
718 3940 854 4019 extitit
885 3939 1037 4040 fabula,
1056 3953 1097 4018 et
1116 3936 1352 4018 infidelibus
1378 3936 1611 4043 disciplina.

207 4059 306 4141 'l'am
335 4086 502 4141 enorme
529 4061 681 4142 lactum
707 4089 787 4143 uno
809 4062 875 4142 die
895 4061 964 4141 vix
990 4060 1168 4140 creditur
1187 4058 1396 4140 accidisse.
1418 4057 1511 4139 Huc
1538 4087 1610 4140 ns·

208 4211 289 4290 qne
318 4210 400 4290 qno
428 4184 536 4265 istud
566 4184 714 4264 accidit
742 4212 812 4265 rex
843 4184 1017 4265 Karolns
1043 4184 1176 4264 ventis
1204 4181 1408 4290 prosperis
1436 4182 1611 4288 nauiga-

206 4310 277 4410 uit,
305 4324 346 4388 et
362 4308 586 4414 crispanoiu
608 4309 728 4389 maris
748 4305 964 4414 equora¹⁰)
985 4307 1033 4386 ad
1054 4325 1194 4387 votum
1218 4305 1404 4388 sulcauit.
1426 4303 1505 4384 Sed
1526 4306 1609 4386 iam

205 4518 412 4528 —.———-—-—

367 4601 390 4688 ¹)
415 4606 561 4678 famulus
589 4601 709 4677 fidelis.
732 4605 765 4677 S.
788 4598 812 4679 ²)-
841 4603 928 4676 Scbc
958 4602 1100 4675 nomine.
1124 4599 1150 4676 ³)
1181 4604 1312 4696 Kopay.
1336 4601 1407 4675 rP.
1430 4602 1530 4697 Kupe
1564 4603 1608 4677 Α.

206 4710 241 4787 S.
265 4707 292 4790 ⁴)
318 4710 455 4785 cmirioi.
479 4712 513 4784 S.
537 4704 563 4787 ⁵)
590 4712 667 4782 laur.
698 4731 770 4802 reg.
792 4731 855 4780 orn.
878 4705 904 4787 ⁶)
929 4712 1118 4780 truncatur.
1142 4703 1167 4791 't
1192 4707 1308 4779 soluit.
1331 4703 1356 4783 ⁸)
1382 4731 1442 4802 per
1461 4707 1573 4782 crucif
1593 4751 1607 4763 -

206 4840 261 4895 ros
281 4816 356 4891 alil.
381 4816 420 4890 A.
442 4816 517 4891 VP.
540 4811 567 4898 ξἰ
590 4811 778 4888 infamauit.
816 4815 852 4885 ll.
876 4811 1099 4885 infammuuit.
1123 4813 1198 4887 VP.
1225 4808 1265 4892 ¹⁰)
1280 4834 1339 4886 sue
1359 4815 1503 4888 fortune.
1526 4813 1604 4909 add.
