3660 5506
828 285 985 388 44⁴9-

206 497 361 610 mur¹),
405 530 499 584 oum
543 501 737 611 persequi
777 529 850 585 vos
892 528 1116 584 cessamus
1161 499 1322 596 Quibus
1364 500 1619 609 imperator:

207 626 342 731 eligite
375 625 492 708 robis
520 638 692 705 mortem
729 625 894 731 qualem
919 624 1055 707 vultis.
1078 623 1153 705 Cui
1177 624 1274 704 Leel
1307 624 1383 705 ait:
1416 624 1622 705 afferatur

207 747 330 828 miehi
364 748 465 829 tuba
496 775 601 849 mea,
636 774 731 828 oum
766 773 849 853 qua
881 747 1060 854 primum
1099 747 1338 849 buccinam,
1367 740 1503 852 post²)
1534 745 1620 827 heo

206 870 279 951 tibi
324 870 597 977 respondebo,
634 868 856 975 Allataque
898 882 960 951 est
997 869 1033 950 ei
1078 870 1190 970 tuba,
1236 883 1277 950 et
1319 863 1619 977 appropians³l

207 991 343 1073 Cesari
380 1019 474 1072 oum
509 1019 552 1072 se
587 992 788 1096 ingereret
820 992 869 1071 ad
898 991 1223 1093 buccinandum,
1246 991 1381 1099 ipsum
1416 989 1617 1073 Cesarem

207 1114 266 1196 sio
296 1114 453 1194 fortiter
485 1114 525 1194 in
558 1108 732 1219 fronte⁴)
765 1115 894 1194 fertur
925 1114 1190 1220 percussisse,
1224 1128 1270 1195 ut
1302 1113 1371 1194 illo
1403 1111 1489 1195 solo
1526 1112 1618 1194 iotu

207 1237 429 1343 imperator
460 1230 741 1341 rnoror·etur⁵).
775 1234 976 1342 Dixitque
1010 1236 1063 1315 ei:
1097 1250 1143 1316 tu
1175 1230 1369 1343 preibis⁶l
1403 1248 1496 1316 ante
1532 1262 1618 1338 me,

208 1359 392 1465 mihique
426 1358 466 1439 in
499 1358 578 1438 alio
612 1358 752 1439 seculo
787 1358 864 1439 eris
906 1358 1145 1440 seruiturus,
1181 1357 1253 1440 Est
1293 1384 1475 1464 namque
1509 1356 1621 1439 fides

207 1480 462 1583 Seitioorum,
496 1498 542 1563 ut
575 1506 848 1587 quoscunque
881 1481 1072 1561 viuentes
1104 1476 1341 1581 occiderint,
1360 1480 1401 1560 in
1434 1479 1514 1561 alio
1551 1507 1620 1563 se·

209 1604 302 1684 culo
336 1603 433 1710 ipsis
466 1603 621 1684 seruire
665 1614 894 1694 teneantur.
929 1601 1182 1709 Detentique
1221 1614 1318 1685 sunt
1355 1603 1443 1684 siue
1485 1628 1619 1705 mora,

210 1736 251 1805 et
285 1723 504 1832 Ratispone
538 1725 725 1832 patibulo
758 1725 958 1807 suffocati.

367 1882 435 1962 58.
460 1881 577 1963 Alius
610 1895 748 1963 autern
784 1883 992 1964 exereitus
1016 1882 1296 1985 hungarorum
1318 1880 1359 1960 in
1382 1905 1465 1986 quo
1498 1895 1621 1961 eraut

210 2006 317 2086 bene
350 2004 528 2084 virorum
570 2022 819 2085 armatorum
865 2003 1135 2112 quadraginta
1177 1997 1342 2108 milia⁷),
1376 2001 1447 2109 qui
1481 2014 1621 2084 eastra

210 2140 390 2207 metatus
436 2139 498 2207 est
541 2127 664 2233 (18b)
698 2125 818 2231 longe
852 2128 904 2207 ab
945 2128 1132 2230 Augusta
1165 2125 1343 2226 ciuitate,
1382 2119 1620 2231 senciens⁸)

210 2248 343 2330 socios
377 2273 474 2330 suos
512 2260 596 2329 tam
635 2248 855 2328 crudeliter
897 2248 1029 2351 artari,
1063 2247 1262 2355 eaptiuari
1301 2262 1342 2327 et
1374 2245 1516 2345 oooidi,
1552 2272 1620 2329 se·

211 2397 350 2452 orsum
385 2370 425 2451 iu
461 2370 669 2477 quandam
703 2370 851 2451 siluam
880 2398 924 2451 se
948 2366 1143 2477 recepit⁰)
1178 2363 1466 2477 expectans¹⁰)
1500 2382 1549 2449 ut
1574 2395 1621 2451 se

210 2492 449 2574 abinuieern
485 2491 742 2599 imperatoris
776 2493 983 2575 exereitus
1025 2506 1245 2599 separaret,
1280 2506 1321 2572 et
1352 2491 1452 2573 dum
1486 2490 1622 2572 maior

211 2640 307 2723 pars
341 2613 501 2696 Cesaris
535 2615 743 2696 exercitus
776 2610 1026 2721 tenrleret¹¹)
1061 2642 1204 2697 versus
1237 2614 1410 2716 Renum,
1439 2613 1618 2717 hungari

212 2737 253 2818 in
288 2762 434 2843 earnpo
468 2737 647 2843 quodam
684 2736 773 2818 illos
813 2737 1121 2843 coniungentes,
1155 2736 1310 2842 sagittis
1343 2735 1531 2843 primitus
1567 2734 1618 2815 il·

213 2860 344 2941 lorum
388 2884 518 2964 equos
560 2858 811 2957 oeciderunt,
844 2872 930 2939 tota
968 2858 1033 2939 die
1075 2858 1185 2964 ipsos
1228 2885 1305 2938 nee
1347 2856 1616 2960 descendere,

214 3009 292 3061 neo
326 3006 535 3087 quoquam
570 2981 711 3085 fugere
745 2975 1223 3086 nritterrdo¹²).'landem
1251 3005 1410 3061 verose
1443 3003 1617 3060 mouere

213 3104 311 3185 duur
348 3128 429 3182 non
464 3114 646 3208 possent,
681 3102 879 3208 captiuari
914 3129 957 3182 se
991 3102 1204 3205 dederunt,
1234 3131 1327 3183 oum
1363 3101 1514 3209 quibus
1546 3127 1617 3182 so·

214 3225 298 3306 oios
331 3252 427 3306 suos
451 3223 671 3331 Ratispone
705 3225 893 3307 delentos
926 3225 1202 3305 redemerunt.
1227 3223 1309 3331 lpsi
1330 3251 1427 3304 vero
1460 3222 1617 3303 exinde

214 3347 284 3427 tali
315 3347 477 3426 fortuna
513 3346 571 3427 eis
594 3359 835 3427 oecurrente
862 3346 1155 3427 monasterium
1190 3347 1241 3426 de
1275 3340 1465 3451 uulda¹³)
1499 3370 1617 3425 com·

214 3469 399 3567 bussere,
438 3468 509 3549 uhi
559 3468 736 3549 multum
781 3469 831 3547 de
875 3494 974 3550 auro
1017 3469 1264 3567 haurientes,
1306 3466 1456 3549 abinde
1499 3466 1617 3548 Reno

214 3603 504 3696 transpassato,
539 3589 872 3695 Lotoringensem
916 3590 1112 3671 ducatum
1159 3592 1250 3695 igne
1294 3603 1334 3669 et
1373 3589 1507 3694 gladio
1540 3616 1616 3669 va-

214 3725 440 3794 stauerunt.
477 3710 557 3791 Uhi
601 3712 705 3792 eirca
751 3707 1031 3819 Strozpurg¹⁴l
1064 3713 1103 3792 in
1147 3713 1326 3818 quodam
1372 3710 1500 3818 prelio
1531 3709 1618 3791 Ek·

211 3829 453 3939 ,hardum¹⁵)
487 3833 636 3913 ducem
671 3833 914 3938 Lotoriugio‚
934 3847 974 3913 et
1007 3829 1307 3940 Pertoldum¹⁶)
1341 3833 1617 3915 ‹lucornara-

214 3955 360 4037 banoie
395 3955 465 4061 qui
499 3955 535 4034 ei
571 3951 803 4061 venerat¹⁷)
833 3956 872 4034 in
907 3956 1109 4038 auxilium
1145 3956 1402 4063 captiuantes
1435 3955 1620 4037 decolla-

214 4072 386 4183 runt¹⁸).
408 4076 510 4157 lnde
528 4104 624 4158 vero
648 4077 822 4157 Galliam
845 4077 1035 4165 atrociter
1054 4077 1292 4183 affligentes,
1312 4077 1621 4184 crudeliterque

376 4363 401 4466 ¹)
430 4374 464 4442 et
501 4369 695 4443 oooidimur.
734 4369 811 4442 add.
848 4365 876 4460 ²)
914 4372 1045 4461 postea.
1076 4371 1145 4444 l'P.
1182 4365 1208 4464 ³)
1246 4371 1537 4464 appropinguans
1576 4372 1621 4444 Β.

217 4469 246 4568 ⁴)
275 4498 349 4550 oum
368 4476 459 4547 tuba.
478 4475 554 4547 add.
586 4470 614 4566 b)
634 4473 825 4547 moriretur.
848 4476 883 4546 S.
908 4470 933 4560 ὅ)
957 4473 1095 4566 peribis.
1127 4477 1166 4547 Β.
1191 4471 1216 4570 ⁷)
1237 4475 1331 4548 milia
1360 4476 1477 4568 quadr.
1497 4479 1525 4566 ὅ)
1541 4498 1622 4548 sen·

216 4581 352 4654 tientes.
384 4573 412 4670 ⁹)
440 4582 650 4672 receperunt.
684 4574 725 4674 ¹⁰)
746 4581 980 4670 expect-antes.
1014 4575 1056 4675 ¹¹)
1078 4580 1255 4653 tendentes
1283 4580 1384 4652 irent.
1414 4582 1448 4653 S.
1482 4573 1523 4662 ¹²¹)
1543 4602 1623 4673 per-

216 4684 394 4759 mittendo·
425 4684 495 4758 llP.
529 4678 569 4762 ¹³)
596 4684 688 4756 Vlta.
720 4683 789 4754 VP.
819 4683 903 4756 ulta.
935 4684 970 4755 S.
1005 4676 1045 4763 ¹¹)
1075 4683 1274 4778 Strasburg.
1295 4684 1335 4758 ll.
1370 4679 1411 4768 ¹⁵)
1439 4685 1621 4760 anrdum.

219 4794 254 4868 S.
289 4786 329 4879 ¹⁶)
358 4789 564 4885 paroaldum.
596 4791 630 4861 S.
665 4780 705 4868 ¹⁷)
733 4791 897 4860 verterant
940 4787 975 4862 S.
1010 4779 1050 4871 ¹⁸)
1078 4787 1282 4864 decolorent.
1314 4790 1349 4864 S.
