3660 5506
849 314 1005 416 -raa-

299 523 384 622 (De
410 524 559 630 primo
585 524 793 606 exer-nitu
820 526 955 630 regis*
975 530 1138 607 eontra
1164 524 1372 609 saonen
1399 530 1553 634 partin

736 647 1113 743 nantoilum.)

379 863 476 943 150.
510 861 672 941 Interea
715 861 874 961 accidit,
909 862 1019 969 quod
1061 862 1239 968 quedam
1283 892 1382 968 gens
1415 892 1552 946 saxon

217 986 258 1068 in
293 985 382 1068 eius
413 1008 539 1089 regno
567 983 608 1062 in
641 984 828 1090 partibus
860 983 1167 1066 'l‘ranssilnanie
1201 988 1400 1092 quasdam
1438 1015 1554 1068 nourr

218 1101 357 1188 aiones
398 1106 610 1205 fecissent,
655 1117 696 1185 et
739 1133 911 1187 censum
956 1119 1201 1188 consuetum
1246 1134 1295 1188 ae
1339 1110 1427 1190 iura
1468 1137 1554 1216 rega

217 1230 379 1312 soluere
412 1228 697 1333 denegassent,
721 1227 887 1334 copioso
911 1242 1022 1308 moto
1047 1229 1378 1331 exercitualem
1413 1260 1485 1312 rex
1523 1261 1554 1312 er

216 1352 302 1435 suis
334 1350 559 1434 baronibus
593 1349 791 1432 militibus
824 1349 1032 1432 nobilibus
1065 1364 1106 1430 et
1139 1352 1365 1457 regnicoliS,
1388 1353 1440 1433 ad
1476 1381 1554 1434 eon

215 1473 387 1556 rendam
428 1473 612 1580 ipsorum
655 1472 904 1579 proteruiam
949 1473 1220 1578 personaliter·
1260 1476 1444 1575 accessit,
1479 1492 1522 1556 et

215 1595 441 1698 refrenatio,
475 1621 523 1676 ac
556 1594 605 1675 ad
641 1594 925 1676 obedienciam
969 1594 1147 1677 redueris
1181 1597 1441 1679 laudabiliter
1473 1599 1554 1681 trin

214 1718 382 1828 phando
414 1716 629 1799 remeauit.

292 1992 380 2094 (De
406 1989 675 2073 obedienola
700 1989 957 2072 Alexandri
983 1989 1201 2098 voyvode
1227 1995 1540 2100 transalpini.)

373 2224 471 2304 151.
504 2222 609 2305 Cum
643 2235 782 2304 autem
816 2236 926 2305 esset
957 2223 998 2303 in
1033 2224 1218 2330 partibus
1254 2226 1554 2335 memoratio,q

213 2347 308 2428 darn
342 2346 535 2455 princeps
568 2373 642 2428 seu
676 2346 773 2426 baro
807 2345 1117 2452 potentissimus
1154 2346 1392 2428 Alexander
1424 2374 1554 2457 uayur

212 2468 490 2576 transalpinus
523 2467 674 2549 dicioni
720 2467 905 2549 eiusdem
939 2468 1163 2570 subiectus,
1197 2469 1268 2576 qui
1302 2483 1488 2578 ternpore
1522 2501 1551 2579 p

212 2591 310 2674 dieti
333 2590 490 2672 wKaroli
531 2590 636 2697 regis
677 2590 802 2698 patris
843 2590 907 2671 sui
950 2617 975 2670 a
1014 2590 1080 2671 via
1121 2591 1328 2674 fidelitatis
1372 2592 1554 2675 diuerter.

211 2713 497 2816 rebellauerat,
525 2726 567 2793 et
599 2739 672 2819 per
705 2713 835 2793 multa
867 2725 1053 2819 tempora
1088 2713 1128 2793 in
1161 2714 1386 2796 rebellione
1422 2743 1554 2823 penna

210 2851 331 2939 serat,
368 2835 510 2919 audita
551 2835 715 2943 pietatis
756 2861 805 2914 ae
848 2834 979 2914 eciam
1020 2836 1232 2942 potestatis
1278 2837 1465 2919 eiusdem
1510 2867 1554 2919 re

209 2959 406 3043 Lodouici
440 2959 561 3060 fama,
580 2958 631 3038 ad
654 2957 790 3065 ipsum
823 2968 971 3064 sponte
1005 2958 1275 3064 personaliter
1306 2960 1477 3043 veniens
1507 2962 1554 3042 eir

211 3081 389 3163 confinia
419 3081 601 3188 ipsarum
635 3079 814 3187 partium
848 3078 897 3159 ad
933 3079 1060 3186 pedes
1084 3080 1192 3186 regie
1227 3081 1451 3165 maiestatis
1484 3083 1554 3166 hur

209 3216 331 3287 tenus
365 3216 427 3287 est
460 3216 697 3310 prostratus,
724 3214 765 3282 et
790 3201 839 3281 ad
875 3201 1159 3283 obedienciam
1194 3218 1235 3284 et
1267 3204 1507 3286 fidelitatem
1542 3235 1554 3285 r

208 3326 337 3409 bitam
370 3325 567 3407 reduetus
588 3337 629 3405 et
656 3324 894 3428 integratua
915 3323 1126 3405 Solemnia
1145 3353 1320 3406 munera
1352 3343 1394 3407 et
1425 3327 1554 3409 elenor

207 3449 496 3557 presentando,
530 3458 725 3529 etenum
773 3445 1002 3529 dominium
1036 3448 1114 3529 sub
1156 3474 1272 3530 saera
1314 3475 1466 3531 corona
1497 3478 1554 3531 re<

207 3571 457 3678 gnosoendo‚
492 3597 587 3651 enm
622 3568 771 3674 gaudio
806 3583 847 3647 et
880 3568 1016 3650 leticia
1048 3570 1099 3650 ad
1133 3570 1298 3678 propria
1330 3572 1546 3674 remeauiu

206 3695 259 3776 ab
292 3695 361 3776 illo
395 3707 582 3800 tempore
614 3690 855 3771 fidelitatem
890 3692 1164 3774 conseruauit.

424 3984 508 4081 (De
535 3982 913 4088 peregrlnanlone
941 3984 1102 4087 regine
1129 3983 1402 4080 Eliznbeth.)

367 4201 465 4282 152.
509 4197 598 4278 Rex
640 4208 779 4276 autern
819 4194 1007 4276 Andreas
1051 4197 1089 4276 in
1127 4199 1278 4305 Apulia
1319 4199 1505 4281 nondum
1550 4230 1554 4280 r

207 4322 371 4433 gnabat.
404 4320 585 4403 Domina
627 4317 747 4422 igitur
790 4317 1000 4399 Elizabeth
1041 4320 1181 4423 regina
1222 4321 1445 4428 Hungarie,
1481 4349 1554 4404 rna

208 4475 350 4554 regum
384 4444 676 4554 predictorum,
704 4455 797 4547 post
831 4453 1002 4520 mortem
1039 4442 1143 4546 regis
1178 4442 1327 4546 Karoli,
1347 4445 1505 4528 habens
1540 4475 1554 4524 r

207 4571 426 4654 uooionem
470 4563 663 4648 visitandi
705 4575 940 4643 sanatorum
987 4563 1198 4669 reliquias,
1245 4581 1286 4646 et
1329 4568 1551 4674 apostolom

208 4690 332 4804 (bib)
366 4690 473 4772 Petri
496 4709 535 4769 et
563 4686 679 4768 Pauli
712 4683 938 4764 honorandi
971 4684 1128 4785 limina3
1164 4713 1290 4793 quam
1323 4716 1406 4770 non
1440 4704 1554 4771 retra

208 4816 411 4909 femineus
453 4837 593 4912 seruo,
634 4834 712 4888 neo
754 4805 897 4887 terruit
937 4806 1124 4918 prolixus
1166 4808 1283 4891 labor
1321 4811 1488 4918 bineria,
1533 4841 1554 4896 n
