3592 5490
152 587 390 669 Ladislaum
424 584 783 694 quiWeneeslaus
815 588 949 670 dietus
982 599 1054 689 est,
1088 583 1239 693 pariter
1271 585 1437 666 nomine
1470 574 1554 665 non

153 738 209 808 re,
232 710 518 791 venerabatur.
545 709 662 791 Tune
696 738 767 791 rex
785 708 1055 791 Weneeslaus
1090 721 1206 815 pater
1237 707 1414 788 ladislai
1446 706 1554 787 illius

153 832 297 914 videns
346 832 531 938 palliatas
579 834 788 915 versucias
837 832 1142 939 hungarorum,
1191 856 1299 911 anno
1348 828 1552 910 rnilesimo

153 952 299 1036 CCC-0
338 953 440 1034 Ill-0
483 964 579 1035 eum
620 954 885 1037 multitudine
923 954 1135 1055 ¹exereitus
1175 952 1457 1037 Pannnoniam
1492 963 1556 1031 est

152 1076 372 1181 ingressus
406 1089 446 1156 et
478 1077 597 1157 iuxta
628 1075 869 1159 Danubium
911 1104 1040 1185 prope
1081 1075 1204 1157 Pestlr
1222 1110 1228 1121 ··
1248 1073 1554 1181 aliquantulum

152 1198 335 1281 residens
367 1197 600 1279 Ladislaum
640 1198 772 1280 lilium
813 1226 938 1281 suum
980 1227 1073 1281 curn
1118 1224 1269 1278 eorena
1301 1195 1415 1301 regui
1448 1195 1553 1275 aoei-

72 1380 78 1397 .
152 1320 284 1427 piens
318 1332 359 1400 et
390 1319 625 1401 Ladislaum
660 1330 859 1402 rectorem
896 1349 971 1402 seu
1012 1320 1190 1401 iudieem
1237 1318 1480 1418 bedensem,
1514 1317 1564 1397 in'

154 1442 394 1522 Boherniam
429 1457 491 1524 est
523 1469 725 1525 reuersus.

311 1565 380 1643 64.
413 1563 570 1647 Eodem
612 1579 798 1671 ternpore
842 1592 937 1679 eum
981 1565 1155 1645 llarolus
1199 1590 1301 1670 puer
1346 1562 1459 1642 Burle
1493 1590 1555 1641 re-

154 1686 305 1767 sideret
338 1712 408 1766 rex
445 1687 560 1791 quasi
596 1690 720 1794 oyl'ra,
754 1680 995 1792 legatus'de
1031 1687 1154 1767 latere
1198 1685 1417 1792 episeopus
1452 1683 1555 1765 Hos·

145 1808 296 1888 tiensis
328 1808 379 1887 de
413 1808 554 1888 ordine
595 1809 899 1914 predicatorum
933 1809 1046 1888 venit
1088 1824 1132 1889 ut
1174 1806 1414 1888 auetoritate
1447 1806 1556 1888 sedis

154 1929 378 2036 aposteliee
412 1931 464 2009 de
497 1931 638 2012 eastris
675 1948 715 2011 et
748 1931 975 2013 redditibus
1018 1931 1130 2036 regni
1169 1931 1323 2010 faeeret
1356 1928 1554 2009 obedien·

155 2053 276 2132 eiam.
320 2050 399 2132 Sed
443 2050 498 2131 nil
539 2054 729 2161 profecit,
770 2080 960 2135 reuersus
1003 2069 1080 2154 est,
1125 2068 1165 2134 et
1206 2051 1405 2131 moriente
1449 2077 1557 2157 papa

154 2174 370 2254 Bonil'aeio
406 2173 525 2254 Vlllo
559 2175 716 2256 eleetus
748 2192 811 2256 est
842 2175 884 2255 in
915 2203 1066 2282 papam
1087 2177 1201 2282 ipse,
1236 2191 1277 2254 et
1307 2160 1556 2254 Benedietus

155 2295 457 2383 vocabatur.ln
492 2323 568 2377 sne
600 2311 740 2377 autem
773 2322 939 2379 recessu
972 2298 1085 2379 eines
1119 2297 1325 2379 budenses
1359 2295 1399 2374 in
1434 2294 1556 2375 inter-

155 2418 265 2499 dicto
298 2418 530 2524 reliquerat,
565 2420 674 2525 quod
713 2421 958 2503 seruabatur
990 2419 1140 2504 striete.
1175 2417 1253 2503 See
1288 2408 1583 2499 surreuerunt‘

102 2546 106 2553 '
155 2536 256 2623 certi
288 2540 424 2621 cleriei
459 2539 675 2623 manifeste
708 2542 864 2661 populo
897 2541 1038 2623 ‹liuina
1071 2542 1338 2641 celebrantes,
1368 2555 1409 2620 et
1440 2565 1558 2621 saera

155 2663 530 2764 ministrabantet
562 2665 692 2743 eeiam
735 2692 947 2747 summum
981 2664 1219 2770 pontificem
1254 2663 1322 2769 qui
1367 2674 1466 2742 tune
1499 2660 1556 2741 le-

155 2797 275 2890 gatus
307 2786 441 2867 fuerat
470 2787 893 2883 excommunicarent
928 2787 1120 2893 proiectis
1154 2784 1334 2866 eandelis
1368 2800 1443 2866 ete.
1481 2783 1557 2863 (le-

156 2920 265 2990 teros
299 2907 427 2989 eeiarn
463 2909 679 3016 episeopus
713 2926 754 2989 et
784 2908 964 3016 prelatos
999 2910 1286 2989 eensurabaut.

315 3030 385 3116 65.
420 3031 582 3111 Interea
612 3029 805 3131 Ottonern
840 3032 988 3113 duoem
1025 3031 1195 3112 Brruarie
1231 3030 1269 3109 in
1303 3027 1555 3133 llrmgariam

158 3151 437 3254 introducunt,
472 3167 512 3232 et
553 3181 690 3259 regem
735 3154 897 3234 efficere
932 3154 1087 3233 volunt.
1120 3153 1238 3259 l‘etyt
1278 3165 1417 3231 autern
1461 3150 1557 3231 Otto

158 3301 184 3354 a
231 3301 326 3379 rege
374 3274 570 3354 Bolremie
619 3276 831 3377 eoronam,
870 3302 993 3382 quam
1039 3274 1276 3374 abstulerat,
1320 3288 1361 3352 et
1405 3271 1556 3352 Albam

158 3412 378 3503 pergentes
411 3395 506 3477 Otto
551 3413 769 3478 coronatur
810 3399 850 3478 iu
895 3425 1046 3502 regem·
1075 3424 1149 3504 per
1192 3396 1407 3504 episeopus
1441 3393 1557 3475 Wes-

158 3518 411 3625 prirnensem
453 3533 494 3598 et
535 3518 877 3621 Clrauadiensem,
915 3536 956 3600 et
998 3520 1218 3624 inungitur.
1255 3519 1354 3598 lnde
1397 3517 1555 3598 Budarn

159 3641 284 3743 venit,
319 3656 359 3720 et
392 3642 449 3721 sie
483 3656 701 3725 coronatus
733 3670 808 3749 per
839 3669 984 3723 omnes
1018 3642 1129 3722 vicos
1162 3641 1386 3748 equitabat,
1420 3654 1557 3720 osten-

160 3762 263 3843 dens
296 3790 339 3844 se
382 3790 471 3844 esse
516 3791 653 3868 regern
706 3765 948 3869 legitimum.
989 3762 1067 3858 Qui
1102 3780 1251 3844 terram
1293 3762 1453 3842 Errlelw
1485 3789 1558 3842 cu·

159 3885 278 3991 piens
311 3885 486 3986 visitare,
520 3914 616 3968 eum
650 3885 725 3966 iter
755 3889 909 3966 faeeret
942 3886 1152 3967 ladislaus
1172 3884 1388 3994 Wayuoda
1420 3885 1557 3991 ipsum

161 4007 281 4114 oepit,
315 4024 356 4087 et
388 4008 562 4090 vinculis
604 4009 789 4090 deditum
828 4008 967 4091 multis
1008 4008 1154 4089 diebus
1196 4008 1339 4089 tenuit.
1375 4006 1557 4087 Demunr

158 4128 383 4236 expellitur
415 4157 437 4209 e
471 4156 606 4235 regne.
641 4131 853 4212 Ladislaus
890 4147 1030 4212 autem
1064 4131 1189 4212 iudex
1226 4129 1421 4211 budensis
1454 4128 1556 4209 libe·

158 4267 268 4332 ratus
303 4251 461 4331 lludam
498 4252 625 4360 redyt,
662 4266 702 4332 et
733 4252 958 4333 vindictam
998 4280 1169 4334 suorum
1210 4252 1463 4359 proditorum
1498 4251 1558 4330 fe·

159 4373 225 4453 eit.
270 4372 511 4454 Sacerdotes
552 4374 769 4481 predictos,
808 4375 880 4482 qui
922 4374 1091 4481 pertidia
1132 4374 1245 4481 pleni
1285 4400 1438 4481 papam
1483 4400 1557 4452 ex-

158 4496 522 4578 communicabant
572 4496 744 4604 epieopo
790 4495 1054 4601 Strigoniensi
1098 4496 1353 4603 presentauit
1402 4510 1558 4603 eaptos,

159 4619 229 4723 qui
264 4618 304 4697 in
339 4645 502 4699 eareere
534 4620 722 4724 spiritum
757 4619 1015 4701 exhalarunt.

317 4742 387 4821 66.
421 4741 551 4820 l'uero
586 4741 706 4846 igitur
737 4741 888 4822 Karolo
921 4741 962 4823 in
996 4740 1206 4846 Hungaria
1239 4740 1415 4845 (legente
1448 4764 1557 4818 anno

159 4861 315 4942 domini
348 4860 590 4943 MCCCVlll
624 4862 849 4946 Cardinalis
870 4862 907 4946 S.
932 4863 1092 4944 Martini
1125 4863 1167 4944 in
1202 4862 1411 4943 montibus
1434 4861 1557 4944 venit.
