3660 5506
888 321 930 389 72

207 554 386 620 moneta.
409 536 541 620 Multa
562 538 694 620 eciam
716 538 797 619 alia
817 539 915 620 fecit
935 537 1187 647 sempiterna
1208 537 1331 644 digna
1354 535 1568 619 memoria.
1579 532 1611 643 ¹)

207 659 469 769 Quapropter
484 660 696 766 Hungaria
714 662 1069 769 quamplurimum
1087 661 1339 769 locupletata
1364 687 1490 766 super
1522 684 1613 740 om·

207 811 281 867 nes
315 784 471 865 circum
504 783 740 865 adiacentes
767 785 953 890 regiones
987 797 1113 892 capnt
1145 783 1306 887 extulit,
1334 781 1506 864 vincens
1541 807 1614 864 eas

207 901 408 1015 diuicys²)
443 902 534 1013 Et³)
568 919 668 988 tunc
701 906 742 987 in
776 933 824 989 ea
857 934 1061 1015 pauperes
1094 906 1465 1014 locupletabantur,
1484 919 1527 986 et
1550 903 1616 985 di·

206 1029 315 1112 uites
347 1029 639 1135 gloriabantur.

364 1152 434 1233 90.
462 1150 573 1234 Misit
599 1151 731 1232 eciam
757 1179 831 1233 rex
859 1151 1207 1261 clementissimus
1235 1178 1309 1258 per
1336 1162 1463 1231 totam
1489 1147 1615 1233 Hun-

206 1274 360 1381 gariam
394 1300 607 1381 precones,
642 1288 688 1356 nt
720 1274 770 1355 de
803 1273 974 1380 singulis
1007 1272 1114 1355 villis
1152 1286 1398 1355 vocarentur
1429 1272 1512 1353 duo
1546 1299 1617 1353 se·

207 1397 342 1478 niores
373 1397 611 1480 facundiam
646 1397 847 1480 babentes
873 1397 924 1479 ad
952 1397 1057 1501 regis
1086 1395 1316 1478 consilium.
1343 1394 1434 1490 Quo
1467 1393 1617 1499 audito

207 1546 290 1601 non
319 1533 480 1602 tantum
508 1520 560 1628 hy
585 1520 654 1627 qui
681 1521 815 1601 vocati
840 1521 1015 1621 fuerant,
1037 1518 1109 1600 sed
1138 1518 1269 1600 eciam
1296 1543 1440 1599 omnes
1465 1515 1615 1598 rustici

207 1641 329 1744 serui,
364 1670 458 1725 cum
500 1643 696 1742 uniuersa
726 1642 850 1749 plebe
883 1642 1093 1747 ilungarie
1130 1653 1334 1722 venerunt
1375 1639 1427 1720 ad
1465 1666 1614 1744 regem

207 1765 247 1845 in
280 1762 445 1845 Albam.
479 1766 568 1846 Rex
602 1779 743 1846 autem
777 1779 818 1847 et
850 1763 1032 1873 episcopi
1066 1763 1289 1870 cunctique
1322 1788 1514 1869 proceres
1548 1760 1614 1841 vi·

207 1886 352 1969 dentes
385 1887 630 1969 immensam
666 1887 975 1969 multitudinem
998 1886 1226 1967 timuerunt
1257 1912 1310 1964 ne
1342 1885 1447 1965 forte
1480 1880 1617 1964 irrue·'

207 2025 298 2089 rent
340 2009 381 2089 in
415 2035 496 2110 eos,
540 2010 661 2115 (aaa)
696 2023 737 2089 et
784 2011 982 2092 intrantes
1024 2008 1234 2089 ciuitatem
1277 2007 1618 2090 obseruauernut

207 2156 310 2210 eam.
347 2131 468 2213 Plebs
501 2144 640 2212 antem
686 2133 898 2214 constituit
930 2132 1007 2214 sibi
1041 2130 1283 2237 prepositos,
1329 2129 1480 2236 quibus
1515 2155 1618 2234 pre·

103 2269 106 2276 ’
208 2267 460 2358 parauerunt
491 2253 706 2336 orcistram
726 2254 776 2335 de
795 2255 913 2361 lignis
941 2254 1051 2335 unde
1070 2267 1240 2359 possent
1256 2252 1309 2333 ab
1328 2245 1618 2357 hominibusl)

208 2374 337 2454 videri
370 2388 412 2455 et
443 2376 586 2456 audiri.
622 2376 817 2483 Prepositi
860 2403 956 2458 vero
992 2376 1191 2458 miserunt
1223 2374 1274 2454 ad
1308 2401 1446 2479 regern
1480 2391 1522 2452 et
1559 2374 1618 2454 ad

208 2522 398 2603 proceres
431 2497 605 2581 nuncios
648 2500 851 2581 dicentes:
897 2498 1088 2580 Concede
1126 2497 1245 2578 nobis
1285 2496 1408 2577 ritum
1443 2507 1618 2602 patrum

208 2633 454 2720 nostrorum,
504 2647 616 2701 more
666 2622 905 2727 paganismo
953 2621 1107 2722 viuere,
1161 2619 1376 2726 episcopos
1424 2617 1619 2724 lapidare

208 2741 456 2847 presbiteros
506 2757 761 2846 exenterare,
805 2743 975 2825 clericos
1024 2742 1291 2847 strangulare,
1334 2739 1618 2824 decimatores

209 2864 474 2971 suspendere,
510 2864 703 2946 ecclesias
737 2867 960 2967 destruere,
979 2861 1060 2971 et⁵)
1089 2890 1313 2970 campanas
1340 2862 1621 2968 confringere.

210 2984 297 3092 Hys
330 2986 479 3068 auditis
513 2987 776 3070 contristatus
808 3000 870 3070 est
901 3015 987 3090 rex,
1017 3003 1058 3067 et
1084 2987 1232 3094 petiuit
1263 2985 1449 3067 inducias
1481 2984 1617 3067 trium

209 3106 370 3188 dierum
404 3109 454 3188 ad
488 3109 802 3191 deliberandum
837 3137 962 3215 super
993 3109 1178 3214 negocio.
1202 3107 1369 3189 [nterim
1392 3132 1489 3187 vero
1515 3133 1622 3212 pre·

209 3229 329 3336 positi
365 3230 403 3309 in
439 3229 678 3337 eminentiss)
713 3233 939 3314 residentes
972 3231 1242 3338 predicabant
1272 3229 1495 3336 nephanda
1521 3255 1621 3310 car·

212 3352 323 3430 mina
357 3365 499 3432 contra
531 3352 668 3434 fidem.
702 3354 822 3436 Plebs
856 3370 997 3435 autem
1029 3366 1115 3434 tota
1148 3350 1479 3457 congratulanter
1501 3351 1622 3432 affir-

211 3473 369 3553 mabat:
404 3473 585 3553 fiatfiat.
620 3475 726 3558 Cum
760 3492 900 3557 autem
933 3476 1058 3556 tercia
1086 3475 1151 3555 die
1176 3501 1422 3581 responsum
1456 3499 1622 3578 expec-

211 3606 355 3696 tarent,
399 3595 548 3676 milites
586 3599 729 3678 armati
764 3625 818 3678 ex
851 3612 1047 3706 precepto
1088 3597 1195 3703 regis
1235 3598 1443 3678 irruerunt
1483 3621 1621 3701 super

212 3741 292 3818 eos,
327 3732 367 3797 et
400 3716 557 3823 aliquot
590 3745 641 3798 ex
677 3721 735 3802 eis
768 3722 1134 3820 obtruncauermrt,
1168 3711 1524 3826 prepositosque⁷)
1561 3721 1624 3801 ab

211 3837 302 3919 altis
335 3839 618 3945 precipitando
652 3843 954 3941 contriuerunt3
988 3842 1167 3950 reliquos
1200 3855 1339 3922 antem
1373 3840 1517 3947 ligatos
1551 3840 1623 3922 di·

211 3959 265 4040 ris
297 3961 538 4043 verberibus
570 3961 895 4068 flagellauerunt.
926 3964 976 4045 Et
997 3965 1055 4045 sic
1082 3963 1307 4045 occidendo
1340 3962 1504 4068 ligando
1536 3959 1621 4046 fla·

213 4081 403 4185 gellando
436 4083 688 4166 sedicionem
723 4113 865 4167 eorum
901 4087 1049 4168 milites
1082 4086 1152 4167 vix
1173 4086 1460 4167 edonmernnt.
1496 4083 1621 4167 Post·

212 4229 337 4309 quam
373 4203 480 4284 enim
525 4220 693 4289 sanctus
726 4236 799 4288 rex
834 4208 1068 4315 Stephanus
1113 4209 1317 4287 conuertit
1357 4205 1623 4312 Hnngariam

211 4325 262 4405 ad
297 4322 518 4428 Christum,
552 4328 615 4410 bis
648 4330 698 4409 ad
737 4331 1023 4437 paganismum
1067 4357 1185 4410 versa
1218 4347 1300 4427 est3
1343 4330 1472 4411 semel
1506 4345 1623 4411 tern-

211 4547 418 4557 ——-—-—.—

371 4617 395 4699 ¹)
423 4619 578 4695 Omnium
606 4620 694 4694 onim
722 4667 770 4676 —
873 4624 1082 4697 crassiores.
1118 4623 1211 4695 solus
1239 4622 1315 4696 VP.
1347 4622 1412 4695 rid.
1445 4624 1493 4697 ll.
1527 4624 1623 4701 1623.

213 4717 239 4806 'l
275 4727 309 4796 et
349 4724 471 4818 gloria.
515 4727 591 4802 add.
631 4722 658 4810 ³)
691 4750 754 4802 om.
793 4724 821 4812 ⁴)
856 4731 897 4802 ab
938 4729 1028 4803 hom.
1068 4749 1161 4823 poss.
1202 4721 1228 4809 ⁵)
1270 4750 1335 4800 om.
1374 4724 1399 4808 ὓ)
1433 4731 1620 4823 suggestu.

213 4822 239 4913 ⁷)
266 4849 393 4908 eorum.
