3592 5490
821 338 975 467 4233-

183 569 265 660 'rex
312 591 398 660 tam
440 579 612 686 prouide
655 580 884 664 custoditus
926 581 1084 664 fuisset.
1132 579 1227 663 Post
1270 579 1348 663 hoc
1390 576 1602 687 pacificati

191 713 307 805 sunt,
347 713 390 782 et
421 701 509 782 dux
542 701 629 783 ibat
661 702 702 782 iu
735 702 877 784 Bokan
911 718 1124 786 venatum.
1157 702 1246 783 Rex
1281 701 1391 785 misit
1417 721 1516 783 cum
1551 728 1604 782 eo

191 823 296 905 duos
334 823 571 928 iobagiones
614 825 692 905 sub
734 825 1004 908 simulacione
1048 825 1235 929 honoris,
1285 824 1437 931 quibus
1481 824 1608 908 lussit

193 945 407 1052 explorare
441 946 626 1026 animum
660 946 789 1048 (lucis,
824 962 864 1026 ct
896 949 972 1029 sibi
1013 949 1267 1029 renunciare.
1310 945 1412 1027 Dux
1455 961 1605 1028 autem

191 1067 499 1174 opportunitate
541 1084 713 1174 accepta
756 1070 992 1151 absentauit
1032 1098 1076 1152 sc
1121 1071 1173 1149 ab
1213 1070 1313 1170 illis,
1364 1082 1405 1148 et
1446 1069 1605 1151 iterum

188 1188 296 1295 lugit
328 1189 378 1269 ad
412 1188 624 1270 Patauiam
658 1190 799 1299 auxily
833 1192 970 1297 gracia
1002 1207 1080 1273 etc.

410 1462 517 1544 Dux
535 1461 713 1565 Almus,
734 1471 782 1545 et
799 1464 921 1549 fluo·
940 1466 1040 1546 clu·
1059 1467 1373 1547 exoculantur.

350 1676 420 1758 49.
454 1677 576 1761 Anno
610 1677 764 1759 domini
798 1677 973 1760 MCXlll
999 1680 1221 1787 imperator
1237 1678 1602 1785 propterAlmuru

194 1824 289 1878 curn
334 1798 517 1878 exercitu
567 1799 681 1880 veuit
731 1802 769 1880 iu
825 1801 1048 1882 confinium
1101 1800 1332 1906 Hungarie‚
1388 1816 1604 1904 quatenus

196 1919 502 2028 colloqueretur
533 1921 629 2026 regi,
663 1940 705 2003 et
735 1951 881 2031 pacem
917 1923 1108 2005 firmaret.
1154 1922 1272 2017 Quod
1307 1949 1402 2003 cum
1437 1922 1600 2003 factum

194 2056 303 2125 esset
334 2044 557 2150 imperator
587 2070 664 2150 per
696 2072 850 2151 regem¹
877 2062 1162 2127 remuneratus
1210 2043 1461 2151 repatriauit.
1509 2043 1601 2124 Rex

192 2178 333 2246 autem
366 2164 477 2271 cepit
508 2165 678 2247 Alruunr
713 2183 754 2248 et
795 2168 923 2249 lilium
967 2169 1055 2249 eius
1098 2167 1239 2248 Belam
1284 2165 1507 2266 infantem,
1561 2182 1602 2247 et

194 2286 402 2368 exoculari
434 2285 542 2366 lecit.
578 2287 782 2370 Infantem
816 2291 938 2371 etiam
982 2289 1100 2372 iussit
1142 2302 1340 2389 castrare,
1389 2287 1464 2368 sed
1508 2314 1600 2370 cas·

194 2422 320 2489 tratur
352 2422 502 2490 castrat
533 2411 761 2511 cattulum,
803 2412 1014 2494 testiculos
1056 2413 1144 2493 eius
1182 2411 1382 2493 simulans
1415 2410 1598 2492 iurantis.

192 2527 356 2613 Ductus
389 2544 452 2612 est
484 2546 623 2613 auteur
658 2533 806 2615 Almus
841 2535 880 2617 in
923 2533 1217 2617 monasterium
1261 2560 1381 2614 suurn
1427 2530 1597 2613 Demes.

193 2651 283 2733 Rex
317 2652 474 2734 interea
506 2651 808 2758 infirmabatur,
851 2671 892 2737 et
925 2657 1113 2765 apposito
1146 2655 1368 2763 emplastro
1412 2654 1596 2755 auribus

192 2775 408 2859 cerebrum
445 2773 565 2882 quasi
597 2777 744 2859 amisit.
779 2776 941 2860 Mortuo
975 2792 1050 2860 est·
1069 2804 1178 2861 auno
1211 2777 1367 2858 domini
1386 2774 1596 2859 thXllll.

189 2895 395 3003 Regnauit
437 2895 555 2979 annis
598 2898 716 2982 XXV
759 2901 973 2983 mensibus
1007 2901 1204 3008 quinque,
1238 2914 1279 2980 et
1311 2900 1503 3006 sepultus
1537 2915 1600 2981 est

190 3019 314 3106 Albe.

400 3274 667 3380 Stephanus
684 3280 806 3361 filiu·
826 3276 1096 3362 (tolomannl
1116 3284 1377 3363 coronatur.

347 3491 415 3571 50.
461 3491 722 3601 Impuberem
773 3494 1033 3604 Stephanum
1083 3493 1343 3603 potenciores
1392 3492 1508 3598 regni
1556 3492 1598 3573 in

191 3637 327 3717 regern
363 3630 573 3697 coronant.
609 3614 731 3699 Anno
766 3619 849 3699 lXo
882 3617 996 3723 regui
1027 3618 1091 3698 sui
1125 3615 1293 3698 intrauit
1320 3613 1596 3719 Dalmaciam,

188 3733 278 3832 ubi
317 3735 397 3815 luit
456 3735 677 3819 honorilice
733 3754 937 3849 receptus.
1000 3740 1097 3821 lude
1141 3738 1320 3821 vastauit
1368 3735 1597 3819 Poloniarn.

188 3855 329 3938 Noluit
360 3858 493 3938 eciam
534 3859 686 3942 ducere
731 3889 925 3965 uxorem,
975 3862 1045 3944 scd
1092 3859 1333 3943 concubinis
1382 3860 1592 3942 utebatur.

189 3977 373 4058 Tandem
423 3981 639 4063 adducunt
681 3985 758 4066 sihi
800 3985 923 4065 liliam
969 3983 1074 4090 regis
1117 3984 1267 4090 Apulie
1315 3983 1353 4061 iu
1406 4008 1596 4062 uxorem.

189 4098 278 4180 Rex
313 4101 454 4208 itaque
487 4102 723 4211 Stephanus
758 4107 887 4188 multa
921 4108 1029 4187 mala
1071 4106 1260 4189 faciebat.
1304 4103 1401 4185 Dux
1447 4104 1597 4187 Almus

191 4221 287 4302 licet
319 4250 443 4305 cecus
477 4227 529 4307 ob
562 4227 695 4309 fratris
728 4231 876 4311 furiam
908 4229 1012 4335 fugit
1045 4229 1306 4326 inGreciarn,
1339 4242 1380 4305 et
1410 4226 1595 4308 moritur.

190 4343 349 4452 Corpus
383 4361 446 4427 est
479 4347 516 4427 in
554 4347 703 4431 Alliam
738 4353 936 4433 delatum.
969 4351 1069 4432 Bela
1091 4351 1198 4431 lilius
1220 4350 1348 4429 eciam
1368 4349 1595 4430 obcecatus
1640 4393 1652 4411 ·

189 4469 436 4550 seruabatur
468 4471 631 4552 occulte
666 4473 704 4552 iu
740 4475 897 4554 Gracia.
932 4473 1009 4553 Hic
1042 4472 1142 4554 Bela
1174 4472 1294 4553 (luxit
1325 4496 1519 4571 uxorem,
1556 4488 1597 4550 et
1622 4489 1652 4543 ε

190 4617 324 4670 exea
363 4592 507 4695 genuit
550 4594 774 4697 (leychent.
824 4596 942 4692 Qurul
995 4624 1064 4675 rex
1113 4595 1350 4700 Stephanus
1400 4593 1652 4698 ignorans-⁴·

190 4713 401 4793 coustituit
432 4713 562 4795 lilium
597 4718 742 4799 sororis
776 4747 849 4800 sue
893 4737 985 4824 post
1025 4744 1069 4797 se
1112 4729 1376 4822 regnaturum
1423 4715 1593 4796 nomine
1625 4736 1652 4781 ε

189 4833 296 4914 Saul
336 4834 386 4914 Et
418 4863 489 4917 rex
525 4837 759 4920 inliruritate
792 4842 902 4949 cepit
937 4841 1130 4921 laborare.
1167 4838 1264 4919 Bors
1297 4864 1395 4917 vero
1418 4854 1461 4918 et
1483 4837 1592 4918 lusu
1615 4856 1652 4913 ι
