3660 5506
836 365 992 465 232*

212 579 273 662 nis
305 581 452 686 regalis
485 580 535 660 ad
575 580 788 662 dominum
832 609 970 688 regem
1014 580 1180 690 penitus
1225 580 1460 686 pertinebat
1501 579 1620 661 laho-

213 714 359 804 rantes,
394 716 533 783 tamen
568 702 693 783 nichil
726 703 778 784 de
812 732 993 813 negocys
1027 705 1306 786 confecerunt.
1343 701 1395 783 Et
1418 701 1620 808 quianon

211 839 401 933 poterant
446 842 493 905 ut
539 825 736 906 volebant
784 827 978 908 antedicti
1021 854 1162 934 nuncy
1203 852 1346 905 eorum
1388 823 1621 906 ambasiata

210 975 284 1056 per
327 948 436 1028 riam
480 947 640 1029 iusticie
684 949 892 1031 terminari
906 945 947 1057 ¹),
993 950 1169 1030 seientes
1213 948 1324 1055 quod
1366 972 1540 1027 munera
1579 960 1622 1026 et

210 1071 320 1150 dona
352 1069 541 1151 alliciunt
573 1070 702 1150 eciam
737 1071 898 1153 animos
931 1072 1183 1180 sapientum3
1229 1069 1510 1174 ignorantibus
1543 1069 1620 1148 do·

209 1193 321 1273 mino
355 1192 565 1272 hodouieo
599 1207 640 1272 et
667 1192 835 1274 domina
863 1194 1004 1299 regina
1030 1206 1158 1275 matre
1187 1192 1275 1273 eins
1302 1190 1621 1298 spoponderunt

211 1316 323 1417 dare,
359 1342 403 1397 se
437 1314 669 1395 iuramento
702 1314 859 1397 firmius
894 1315 1202 1419 constrigentes‚
1229 1315 1279 1394 ad
1308 1339 1514 1394 cameram
1544 1313 1620 1392 do·

212 1437 310 1520 mini
346 1463 453 1544 pape
487 1437 760 1542 quadraginta
792 1453 970 1544 quatuor
1004 1437 1130 1518 millia
1162 1463 1409 1538 marcarum,
1442 1447 1489 1515 ut
1522 1461 1620 1542 pro·

210 1554 429 1669 rnerctur²)
461 1585 535 1638 rex
564 1559 751 1640 Andreas
780 1563 893 1666 regni
922 1559 1057 1641 Sicilie
1086 1559 1366 1664 gubernacula
1389 1558 1616 1664 possidere.

209 1683 408 1765 Currente
442 1694 580 1763 autem
612 1681 690 1761 hac
718 1681 938 1785 relacione,
969 1683 1006 1762 in
1040 1681 1290 1787 ilungariam
1320 1681 1368 1761 ad
1398 1679 1617 1760 dominnm

208 1832 346 1910 regem
389 1816 430 1884 et
471 1803 680 1884 dominam
726 1805 908 1908 reginam
956 1803 1145 1911 peruenit
1188 1803 1265 1882 hoc
1309 1817 1487 1909 pactmn.
1534 1800 1617 1897 Qui

210 1928 287 2007 hoc
313 1926 589 2034 percipientes
617 1952 701 2006 non
728 1928 937 2008 modicum
968 1926 1252 2026 turbabantur,
1279 1925 1377 2032 quia
1398 1925 1463 2005 ius
1484 1925 1615 2029 regni,

209 2050 318 2155 quod
353 2048 404 2129 ad
436 2048 550 2155 ipsos
580 2048 826 2128 secumdum
864 2051 988 2129 deum
1030 2063 1071 2129 et
1114 2047 1316 2129 iusticiam
1361 2046 1613 2154 pertinebat,

209 2172 284 2252 sibi
304 2199 378 2277 per
394 2170 614 2277 pecuniam
633 2170 913 2272 vendicarent
940 2171 1012 2254 sed
1041 2198 1091 2251 ne
1116 2169 1303 2274 malignis
1331 2183 1371 2250 et
1399 2169 1615 2276 peruersis

211 2293 447 2373 hominihus
480 2293 646 2372 daretur
673 2294 833 2373 ‹recasio
862 2309 904 2374 et
929 2293 1101 2373 materia
1129 2293 1277 2372 iniuste
1306 2318 1375 2373 eos
1406 2290 1446 2371 in
1470 2289 1615 2397 aliquo

208 2414 436 2515 iudicandi,
481 2429 522 2494 et
564 2414 855 2496 nichilominus
898 2415 1156 2516 detrahendi,
1202 2414 1314 2520 quod
1354 2413 1405 2492 ad
1449 2413 1614 2517 regium

209 2537 406 2617 honorem
439 2564 513 2643 per
545 2536 765 2617 anariciam
801 2553 842 2617 et
867 2538 1134 2644 cupiditatem
1157 2535 1461 2643 irnpenderent3
1495 2536 1615 2617 solu·

209 2660 368 2740 cionem
418 2657 623 2738 antedictc
673 2659 848 2765 pecunie
896 2660 982 2739 fieri
1031 2659 1321 2766 penniserunt,
1371 2685 1423 2736 ne
1473 2657 1611 2739 eciam

208 2810 347 2890 nuncy
389 2781 559 2861 crimine
603 2781 806 2889 mendacy
850 2794 1101 2862 notarentur.
1147 2780 1428 2861 Cucurrerunt
1481 2778 1611 2884 igitur

209 2919 423 2985 exactores
456 2902 506 2983 ad
541 2929 685 2984 omnes
719 2904 937 2985 comitatus
966 2918 1007 2983 et
1034 2904 1152 2983 villas
1180 2903 1310 3007 regias
1339 2915 1380 2981 ct
1406 2901 1617 3005 reginales

207 3055 282 3134 per
314 3039 443 3106 toturn
479 3025 590 3129 regni
620 3025 833 3121 circulum,
862 3025 1085 3132 predictam
1118 3025 1335 3132 pecuniam
1367 3050 1419 3102 ex
1448 3023 1616 3129 integro

209 3162 449 3252 exegerunt,
484 3162 525 3227 ct
558 3161 748 3228 exactam
789 3176 864 3253 per
899 3162 1031 3229 certos
1066 3148 1238 3229 nuncios
1271 3146 1320 3226 ad
1356 3170 1568 3226 camaram
1581 3142 1615 3252 ³)

208 3271 364 3349 domini
424 3296 530 3375 pape
595 3269 820 3349 Clementis
882 3270 988 3351 sexti
1049 3269 1223 3349 fideliter
1280 3267 1614 3366 transmiserunt,

208 3405 421 3498 sperantes
455 3391 624 3470 firmiter
657 3391 708 3470 de
742 3392 1014 3471 coronacione
1047 3392 1152 3495 regis
1185 3391 1351 3470 Andree
1385 3389 1474 3471 sine
1507 3390 1613 3470 dila·

209 3513 339 3614 cione,
373 3513 656 3619 promissionis
689 3513 776 3593 lieri
810 3513 1177 3620 complementum.
1211 3511 1435 3619 Occupatis
1469 3524 1611 3593 autern

208 3635 429 3741 sepedictis
449 3662 608 3742 nuncys
626 3635 666 3714 in
686 3635 905 3715 Auenione
924 3635 1031 3716 circa
1059 3660 1227 3716 causam
1258 3634 1313 3715 eis
1345 3633 1611 3716 commissam

209 3757 577 3857 determinandam,
623 3757 784 3836 interim
829 3757 1021 3839 dominus
1062 3756 1295 3838 Lodouicus
1337 3755 1502 3837 inclitus
1536 3783 1613 3851 rex

209 3878 418 3984 Hungarie
451 3878 618 3958 decenti
654 3878 849 3960 comitiua
881 3906 988 3959 anno
1023 3879 1177 3959 domini
1210 3877 1427 3958 millesimo
1449 3891 1613 3959 trecen-

209 4001 355 4082 tesimo
398 4000 711 4107 quadragesimo
753 4002 898 4107 quinto
941 4000 1130 4083 transicit
1161 4000 1204 4080 in
1239 3993 1525 4104 Bohemiam⁴)
1560 4001 1612 4081 ad

209 4148 397 4204 socerum
430 4150 566 4225 suum,
601 4123 719 4204 cuius
751 4123 875 4204 filiam
901 4124 981 4205 iarn
1017 4136 1233 4231 acceperat
1264 4119 1612 4227 nomineMarga·

208 4258 351 4347 retain,
385 4259 425 4325 et
457 4245 581 4326 ducto
623 4245 792 4326 consilio
841 4273 936 4326 cum
978 4273 1072 4351 rege
1122 4244 1395 4326 bohemorum
1438 4243 1612 4351 antiquo

209 4380 250 4447 et
293 4366 401 4447 dicto
450 4393 591 4449 socero
641 4392 716 4447 suo
758 4366 931 4472 predicti
970 4368 1075 4472 regis
1118 4367 1213 4467 filio,
1254 4381 1614 4471 congregauernnt

207 4487 401 4568 miliciam
434 4490 580 4569 fortem
626 4500 667 4567 et
698 4488 889 4588 validam,
929 4503 970 4568 et
1002 4489 1107 4568 circa
1140 4489 1291 4570 festum
1326 4488 1448 4568 beate
1482 4485 1612 4569 Marie

366 4745 391 4845 ¹)
420 4746 615 4821 terminare.
649 4744 677 4843 ²)
706 4744 974 4839 permitteretur.
1004 4745 1178 4820 Turocius.
1211 4741 1238 4845 ³)
1267 4768 1444 4820 cameram.
1475 4741 1503 4845 ⁴)
1533 4745 1611 4821 Tu-

206 4866 276 4943 rdci
313 4867 491 4943 Poloniam
519 4871 552 4940 et
575 4868 774 4961 polonorum
814 4865 929 4939 habet.
