3592 5490
779 392 934 495 „El-

154 619 197 686 et
233 606 430 714 nepharie
469 609 716 716 prodicionis
760 638 834 694 sue
879 611 1082 718 premium
1124 621 1404 718 sumpserunt.
1452 606 1558 705 Quia

154 742 304 834 potens
337 743 379 811 et
410 731 653 836 magnificus
687 758 827 816 coines
859 733 1035 835 Nouelli,
1068 746 1268 839 cognatus
1299 732 1405 838 regis
1437 746 1478 813 et
1508 731 1556 813 fi-

153 850 270 952 delis,
302 852 414 958 ipsos
447 880 574 961 super
605 881 761 936 carram
795 856 911 962 ligari
942 856 1050 957 fecit,
1084 870 1126 936 et
1157 881 1233 962 per
1264 879 1409 937 omnes
1441 853 1555 937 vicos

153 971 331 1056 ciuitatis
363 976 555 1082 pertrahi,
590 992 805 1059 eteorum
848 1004 1018 1086 corpora
1061 1005 1155 1058 oum
1194 976 1419 1084 forcipibus
1460 976 1556 1058 ferri

151 1096 289 1201 ignitis
322 1098 444 1178 euelli
476 1098 590 1199 iecit,
623 1100 850 1181 carnificari
883 1115 924 1181 et
960 1100 1102 1181 laniari
1135 1115 1266 1180 morte
1300 1099 1553 1206 turpissima,

153 1232 196 1299 et
227 1232 414 1301 extremo
446 1221 651 1328 supplicio
685 1223 938 1330 perimendo⁸

312 1335 409 1422 178.
442 1340 577 1450 Super
609 1368 692 1450 quo
725 1368 881 1425 euentu
915 1344 1055 1425 mortis
1087 1343 1221 1425 fratris
1253 1343 1318 1425 sui
1349 1341 1459 1423 idem
1478 1369 1554 1424 rex

151 1461 386 1545 Lodonious
421 1464 526 1546 ultra
559 1466 727 1548 modum
763 1467 927 1548 dicendi
970 1466 1205 1547 vehementi
1247 1464 1387 1545 dolore
1421 1465 1553 1548 cordis

149 1584 371 1688 sauciatus,
406 1587 629 1670 condolens
663 1603 704 1669 et
735 1590 886 1671 auxius
925 1589 1035 1696 cepit
1078 1588 1255 1692 cogitare
1299 1599 1340 1667 et
1378 1600 1552 1668 tractare

150 1706 202 1787 de
237 1706 429 1809 vindicta,
462 1737 515 1792 ne
550 1724 631 1791 tam
667 1711 901 1792 execrabile
934 1711 1070 1793 scelus
1092 1709 1345 1817 impunitum
1364 1727 1550 1816 pertran-

150 1829 259 1910 siret.
293 1829 344 1909 Et
375 1832 508 1938 primo
540 1832 756 1913 Nicolaum
790 1832 919 1915 lilium
955 1832 1170 1914 Laurencii
1205 1830 1323 1933 Toth,
1357 1831 1428 1937 qui
1456 1857 1550 1938 pos·

149 1950 366 2031 teaKonth
383 1954 460 2034 fuit
482 1955 796 2061 cognominatus
814 1955 863 2035 ad
883 1955 1146 2036 tractandum
1172 1981 1269 2035 cum
1289 1952 1550 2057 magnatibus

150 2072 371 2156 comitibus
412 2090 453 2157 ct
493 2076 718 2159 baronibus
759 2077 921 2158 illarum
964 2076 1142 2184 partium
1183 2075 1281 2156 illuc
1312 2074 1546 2162 destinauit.

149 2193 229 2290 Qui
247 2195 287 2275 iu
305 2197 502 2304 Aquilam
520 2199 729 2281 ciuitatem
763 2201 963 2281 famosam
998 2197 1298 2306 superueniens
1317 2224 1412 2279 cum
1434 2197 1548 2279 Lallo

150 2317 236 2398 viro
268 2320 486 2435 prudente,
520 2321 644 2401 etde
678 2335 808 2402 morte
841 2322 970 2429 ipsius
1014 2320 1118 2426 regis
1162 2319 1326 2400 Andree
1368 2320 1548 2401 multum

147 2440 286 2543 anxio,
320 2432 561 2549 capitaneus
594 2444 723 2551 ipsius
742 2444 930 2545 ciuitatis,
956 2442 1096 2525 habito
1123 2453 1300 2524 tractatu
1317 2441 1547 2524 dominium

147 2561 277 2668 ipsius
308 2565 429 2671 (aaa)
463 2566 653 2668 obtinuit,
688 2581 730 2647 et
751 2581 957 2672 protracta
989 2592 1104 2646 mora
1120 2565 1289 2667 ibidem,
1308 2590 1435 2671 quam
1452 2565 1546 2672 plu·

146 2683 272 2766 rimos
305 2712 389 2768 una
422 2715 516 2769 oum
537 2688 651 2769 Lullo
684 2690 733 2769 ad
768 2689 872 2795 regis
906 2688 1115 2792 Hungarie
1144 2687 1429 2769 obedienciam
1448 2713 1544 2768 con·

147 2806 317 2889 fortauit
348 2822 390 2889 et
421 2810 629 2916 perduxit.
662 2809 840 2891 Etcum
876 2810 1011 2891 eidem
1044 2811 1129 2915 regi
1161 2837 1235 2917 per
1271 2809 1408 2890 literas
1450 2809 1544 2890 inti·

147 2943 316 3031 masset3

441 3207 526 3301 (De
555 3208 761 3288 exercitu
787 3230 955 3288 versus
980 3204 1253 3310 Neapolim.)

302 3416 400 3502 179.
445 3422 532 3502 llex
578 3437 823 3529 congregato
867 3422 1001 3503 valido
1045 3420 1231 3501 exercitu
1283 3445 1356 3525 per
1405 3430 1543 3524 partes

143 3540 260 3621 ltalie
293 3543 509 3625 transitum
533 3546 687 3625 taciens
711 3546 748 3625 in
785 3545 971 3651 ‹ssprrtlibct
1004 3543 1170 3624 ciuitate
1198 3568 1273 3649 per
1297 3540 1485 3621 dominos
1504 3553 1544 3620 et

143 3664 464 3748 communitates
498 3667 720 3747 honorilice
753 3680 972 3772 susceptus
1006 3680 1047 3745 et
1077 3663 1261 3770 largiflue
1276 3662 1319 3742 in
1337 3687 1412 3742 suo
1432 3675 1542 3742 tran-

141 3784 224 3865 situ
258 3784 500 3893 hospitatus,
535 3816 678 3869 versus
715 3788 923 3868 ciuitatum
953 3786 1171 3894 Neapolim
1213 3783 1435 3867 festinauit.
1476 3781 1542 3863 Ex

141 3906 295 4012 quihus
328 3908 504 3989 dominis
538 3910 751 3991 ciuitatum
786 3910 980 3989 dominus
1005 3908 1218 3989 hlaletesta
1236 3908 1286 3987 dc
1304 3903 1541 4008 hlaletestis

141 4028 384 4110 h'rauciscus
428 4030 479 4109 ‹lc
523 4031 702 4134 Furlino,
745 4031 959 4139 Philippus
1000 4032 1051 4111 dc
1081 4028 1263 4130 Mantua,
1298 4040 1339 4108 et
1371 4027 1539 4134 quidam

138 4149 206 4257 aly
235 4177 329 4231 cum
356 4152 501 4259 pulcra
526 4169 648 4258 geute
671 4169 842 4255 armata,
872 4154 1010 4261 ipsum
1042 4178 1174 4259 usque
1200 4149 1415 4257 Neapolim
1444 4164 1542 4231 sunt

137 4272 281 4375 secuti,
309 4286 350 4353 ct
375 4276 427 4356 ab
462 4275 550 4382 ipso
583 4303 677 4380 rege
700 4276 852 4356 honore
876 4292 916 4355 ct
935 4275 1100 4380 cingulo
1127 4272 1290 4354 militari
1312 4270 1503 4376 insigniti.

166 4528 253 4629 (De
282 4529 402 4634 fuga
427 4531 639 4614 «iohanne
666 4534 858 4637 Regiae,
887 4539 934 4614 et
959 4531 1180 4614 Lodouiot
1206 4530 1306 4610 etur
1332 4526 1516 4621 mariti.)

298 4745 396 4826 180.
429 4746 666 4855 Auditoque
697 4750 785 4829 eins
814 4750 1010 4851 aduentu,
1040 4747 1233 4836 dohanna
1271 4758 1410 4863 regina
1440 4787 1535 4841 cum

136 4864 348 4949 Lodouico
379 4867 431 4949 dc
458 4870 632 4952 Tarento
665 4871 753 4953 eius
783 4872 940 4975 marit0,
973 4872 1041 4980 qui
1069 4899 1143 4978 pro
1175 4905 1268 4986 regc
1294 4906 1338 4961 se
1368 4882 1539 4987 gerebat
