3592 5490
826 372 981 472 „²25-

205 594 247 662 et
280 581 469 685 Almum,
502 584 642 688 Viguit
673 598 811 667 autem
856 586 1076 693 tranquilla
1117 612 1200 693 pax
1244 585 1349 666 inter
1390 609 1530 689 regem
1566 594 1608 664 et

200 704 350 785 ducem
385 706 545 786 circiter
577 707 656 789 XII
688 709 819 790 annis.
863 709 1035 790 Bobemi
1079 708 1260 815 quadam
1304 707 1393 787 viee
1434 706 1604 813 predam

200 840 448 934 receperunt
484 830 524 908 iu
568 829 800 912 confinibus
837 831 1060 937 Hungarie.
1110 830 1201 910 Rex
1248 841 1389 910 autem
1437 840 1478 908 et
1517 827 1603 909 dux

199 948 441 1030 Bnherniam
478 951 729 1055 inuaserunt,
764 967 805 1034 et
832 982 927 1034 cum
962 953 1089 1060 preda
1115 951 1385 1059 plurimorum
1420 949 1605 1058 captiuo·

199 1098 290 1151 rum
320 1072 476 1155 reuersi
493 1087 616 1174 nsunt,

542 1348 802 1430 Deuastant
829 1346 946 1431 (lunl
971 1349 1275 1453 fiuntur-lam.

354 1560 424 1641 43.
459 1559 545 1640 Rex
580 1560 773 1642 Salomon
808 1590 904 1643 cum
937 1563 1074 1671 Geysa
1107 1576 1148 1642 et
1180 1561 1367 1643 Ladislan
1409 1562 1603 1644 fratribus

198 1680 371 1761 collecto
405 1683 590 1763 exercitu
626 1685 867 1767 festinantes
909 1684 1109 1767 aduersus
1161 1710 1344 1790 paganos
1392 1697 1603 1766 transcen·

198 1803 348 1883 derunt
379 1804 527 1885 urbem
556 1803 746 1906 Dobuka,
781 1822 821 1886 et
852 1808 908 1889 ibi
938 1807 1164 1888 eorundem
1192 1807 1418 1887 aduentum
1449 1833 1602 1912 expec-

197 1940 349 2006 tarunt.
390 1926 541 2030 Pagani
568 1955 613 2008 se
647 1929 685 2008 in
721 1943 860 2009 inclite
888 1927 1079 2037 kirieleys
1112 1940 1373 2034 receperunt,
1408 1941 1449 2007 et
1480 1929 1602 2032 sagit-

196 2061 328 2128 tarum
360 2048 511 2129 imbres
544 2049 758 2131 miserunt.
792 2050 942 2155 Pagani
975 2052 1195 2156 fugierunt.
1219 2050 1431 2131 Ladislaus
1455 2049 1601 2133 videns

197 2196 403 2275 paganum
439 2171 660 2276 quemdam
696 2188 801 2253 retro
834 2201 878 2255 se
916 2173 1098 2280 puellam
1122 2173 1348 2277 bungaram
1371 2171 1600 2277 speciosam

195 2291 442 2392 ducentern·,
483 2295 657 2399 putabat
697 2321 787 2375 eam
823 2322 913 2377 esse
948 2295 1073 2375 filiam
1109 2294 1291 2401 episcopi
1326 2293 1597 2377 Varadiensis.

196 2412 368 2494 Clamat·
389 2428 527 2495 autern
562 2416 613 2495 ad
647 2417 842 2523 puellam,
875 2417 1104 2498 utCunurn
1140 2417 1191 2497 ad
1224 2427 1373 2495 terram
1408 2417 1459 2495 (le
1493 2444 1601 2523 equo

194 2535 368 2638 iaceret,
418 2564 542 2643 quem
592 2565 688 2619 cum
738 2540 965 2619 interficere
1013 2540 1225 2623 ladislaus
1268 2538 1412 2639 rellet,
1463 2540 1602 2645 puella

198 2671 312 2765 petyt
347 2658 480 2764 ipsum
515 2659 675 2740 dimitti.
710 2660 828 2741 Vnde
862 2689 913 2742 ex
948 2661 1025 2741 boe
1058 2675 1240 2762 notatur,
1280 2660 1390 2766 qnod
1424 2660 1526 2743 fides
1559 2662 1599 2741 in

198 2779 440 2862 mulieribus
474 2807 554 2860 uun
589 2795 671 2883 est3
720 2783 818 2888 quia
858 2810 996 2864 amere
1029 2785 1159 2890 stupri
1192 2810 1288 2864 enm
1322 2782 1494 2863 liberare
1528 2810 1599 2863 vo·

194 2901 281 2982 lnit.
325 2900 405 2981 Sed
439 2903 678 2986 interfectus
712 2919 773 2986 est
805 2933 829 2985 a
862 2906 1060 2988 Ladislac.
1105 2905 1310 2986 Omnibus
1343 2904 1482 3010 itaque
1516 2906 1600 2986 fere

194 3024 364 3129 paganis
406 3024 649 3128 interfectis,
693 3054 766 3106 rex
811 3028 939 3108 duces
973 3043 1013 3108 et
1046 3028 1170 3108 ceteri
1199 3054 1293 3106 cum
1327 3026 1498 3107 victoria
1538 3055 1599 3108 re-

194 3145 303 3226 uersi
335 3158 442 3227 sunt.

454 3419 723 3502 Adueniant
749 3422 931 3503 Bieeeni
957 3423 1333 3526 invflungarlam.

353 3633 421 3714 44.
455 3635 598 3714 'l'ercio
631 3661 739 3716 annu
773 3635 929 3717 llisseni
963 3663 1037 3743 per
1068 3633 1220 3717 Albam
1256 3635 1485 3740 bulgariam
1528 3664 1598 3716 ve·

195 3753 356 3835 nientes
389 3771 752 3838 transnatauerunt
782 3757 938 3838 llurnen
970 3759 1062 3838 Zaw
1096 3771 1136 3838 et
1167 3758 1295 3864 preda
1327 3771 1499 3864 accepta
1534 3785 1597 3839 re·

197 3890 483 3958 trecesserunt.
512 3879 599 3958 Rex
635 3893 675 3958 et
708 3880 792 3960 dux
829 3879 1116 3986 imposuerunt
1147 3876 1246 3959 illud
1275 3878 1428 3960 crimen
1453 3893 1597 3983 castre,

195 4012 236 4076 et
268 3999 449 4080 collectis
483 4002 734 4082 exercitibus
766 4016 1000 4083 statuerunt
1030 4003 1182 4084 Albam
1217 4001 1416 4101 obsidere,
1450 4013 1491 4081 et
1524 4029 1597 4082 ex·

194 4147 377 4224 pugnare
429 4123 573 4203 eciam.
624 4122 846 4204 Conflictus
898 4124 1061 4205 habitus
1112 4136 1174 4204 est
1225 4123 1330 4203 inter
1373 4149 1515 4227 grecos
1558 4136 1598 4205 et

193 4242 410 4346 hungarus.
455 4243 635 4326 Obsessa
677 4245 798 4349 igitur
839 4244 1006 4326 ciuitate
1047 4244 1206 4351 bulgari
1248 4245 1446 4349 rugabant
1489 4245 1596 4326 clam

192 4362 393 4465 bissenos,
429 4384 474 4446 ut
506 4369 545 4446 in
581 4367 829 4448 adiutorium
863 4367 920 4448 eis
952 4367 1151 4449 venirent.
1188 4365 1267 4461 Qui
1299 4381 1521 4468 venerunt,
1556 4381 1597 4449 et

193 4485 231 4564 iu
267 4511 335 4565 ore
369 4488 489 4595 glady
524 4491 607 4569 t'ere
640 4515 784 4571 omues
818 4489 1056 4571 ceciderunt
1092 4488 1278 4596 principe
1317 4514 1459 4569 eorum
1498 4516 1593 4570 cum

192 4609 334 4713 paucis
357 4611 553 4715 fugiente.
589 4611 653 4690 rlrl
686 4611 1007 4717 expugnandam
1042 4611 1251 4692 ciuitatem
1285 4637 1358 4690 rex
1394 4624 1435 4691 et
1467 4611 1594 4694 duces

191 4729 431 4813 ordinarunt
469 4733 647 4813 edificari
680 4732 774 4812 Vlll
811 4748 941 4815 turres
972 4733 1129 4840 ligneas
1162 4732 1421 4814 altitudinem
1455 4759 1593 4814 muro-

191 4879 279 4933 rum
316 4854 442 4965 ‹luplc
475 4866 730 4966 superantes
765 4882 816 4936 ex
852 4855 1003 4966 quibus
1036 4855 1193 4970 lapides
1227 4869 1267 4935 et
1287 4855 1433 4965 sagitte
1457 4857 1592 4937 mitte·
