3660 5506
858 360 1013 460 ffl-

229 574 306 659 dco
339 602 457 685 spem
492 604 649 678 rnea1n3
683 575 896 657 vocatione
930 576 1072 658 diuina
1104 604 1158 656 ex
1199 577 1276 658 hoc
1319 578 1476 659 mundo
1515 579 1643 685 (aaa)

228 699 420 806 migrauit
439 697 741 781 undecirnadie
760 698 915 781 mensis
949 697 1217 805 Septembris.
1251 699 1302 779 Et
1334 727 1480 807 parurn
1513 715 1644 781 antea

227 823 419 929 apparuit
452 835 615 903 cometa
647 820 857 902 mirabilis.
905 821 1061 912 'santus
1094 837 1234 902 autern
1271 822 1407 905 luctus
1441 850 1490 902 eo
1524 850 1640 904 rnor-

226 957 298 1023 tuo
331 945 372 1024 in
405 971 531 1050 reguo
563 944 652 1045 fuit,
687 958 733 1024 ut
764 969 909 1024 ornnes
942 943 1061 1049 quasi
1084 957 1258 1023 rnortern
1287 944 1640 1026 suarudeflerent.

226 1064 277 1145 Et
317 1066 506 1174 sepultus
543 1067 585 1147 in
630 1066 730 1148 urbo
778 1065 883 1146 Albe
925 1064 1071 1170 iugalis
1114 1065 1152 1145 in
1192 1064 1352 1172 capelia
1385 1093 1511 1173 quarn
1547 1066 1640 1173 ipse

224 1186 266 1267 in
315 1189 440 1270 latere
491 1189 664 1273 eucclcsie
714 1188 835 1268 beato
885 1186 1062 1292 Virginis
1111 1186 1326 1292 collegiatc
1383 1191 1633 1290 construxit,

224 1335 334 1390 anno
367 1310 525 1392 domini
557 1309 776 1391 rnillcsiruo
810 1309 1100 1390 trecentesimo
1128 1309 1409 1413 octuagesimo
1435 1311 1637 1392 secundo,

223 1429 428 1538 chnauit
460 1450 601 1515 auteur
635 1431 907 1539 quadraginta
940 1458 1024 1513 uno
1058 1431 1177 1512 aruris
1211 1446 1251 1512 ct
1289 1431 1428 1536 viginti
1469 1433 1638 1515 duobus

224 1553 383 1638 diebus.

248 1836 253 1840 ·
362 1809 446 1906 (De
473 1811 768 1893 nominatione
796 1810 945 1890 ilario
973 1810 1065 1890 iilic
1094 1808 1222 1910 regis
1249 1807 1499 1901 Lodouioi)

380 2025 479 2106 221.
504 2024 600 2106 Post
616 2024 776 2106 obituru
795 2024 899 2129 regis
928 2022 1123 2104 Lodouici
1151 2035 1345 2103 coronata
1372 2023 1450 2105 fuit
1477 2050 1633 2106 corona

220 2147 332 2251 regia
363 2146 531 2228 domina
562 2145 691 2227 Maria
721 2145 805 2227 filia
837 2146 947 2250 eius,
991 2172 1071 2253 que
1104 2143 1182 2226 fuit
1213 2144 1309 2225 data
1339 2145 1380 2225 in
1416 2147 1631 2228 matrimo-

220 2267 335 2349 niurn
354 2266 617 2374 Sigisrnundo
649 2268 733 2349 filio
753 2268 890 2349 Karoli
923 2266 1181 2375 imperatoris
1211 2280 1251 2345 ct
1279 2266 1384 2372 regis
1410 2267 1627 2352 Boirenrie.

219 2387 309 2483 Qua
343 2391 510 2497 quidem
545 2390 713 2472 domina
744 2388 872 2471 Maria
910 2389 1098 2496 regnauit
1141 2404 1319 2496 quatuor
1360 2390 1463 2470 torte
1491 2392 1629 2495 annis,

219 2526 260 2591 et
291 2513 456 2593 tradidit
486 2514 550 2594 ius
583 2513 697 2619 regni
730 2512 808 2620 ipsi
840 2511 1101 2618 Sigisurundo
1136 2510 1280 2590 marito
1314 2537 1409 2613 suo,
1445 2538 1628 2595 consen·

216 2632 352 2740 sitque
380 2662 425 2717 se
458 2635 625 2716 uiuente
655 2635 833 2718 eundern
869 2661 1019 2716 corona
1051 2633 1161 2740 regia
1205 2633 1336 2723 sancti
1381 2633 1486 2738 regis
1533 2633 1629 2716 Ste-

215 2754 343 2862 phani
376 2757 573 2838 coronari.
616 2757 842 2864 Aliquanto
876 2783 972 2838 vero
1017 2771 1111 2864 post
1153 2768 1194 2834 et
1230 2754 1320 2861 ipsa
1352 2771 1515 2837 mortua
1549 2775 1628 2860 est,

214 2880 463 2987 sepultaque
497 2880 536 2960 in
570 2880 746 2962 ecclesia
780 2876 1049 2961 Waradiensi.
1098 2879 1146 2959 In
1188 2875 1265 2957 hac
1311 2877 1449 2982 regina
1492 2876 1630 2962 Maria

214 3000 381 3083 tandem
409 3001 546 3082 deficit
588 3029 731 3084 semen
771 3001 986 3109 utriusque
1024 3027 1152 3083 sexus
1194 3011 1431 3081 sanctorum
1474 3027 1626 3106 regum

211 3124 327 3229 regni
358 3122 580 3230 Hungarie.

211 3378 295 3481 (De
323 3381 618 3464 coronatione
644 3381 773 3483 regis
801 3377 1087 3484 sigismundi
1113 3384 1196 3468 flur
1222 3395 1387 3477 Karoli
1421 3396 1631 3500 impera.

601 3503 716 3584 toris
744 3508 791 3581 ct
817 3505 944 3607 regis
971 3502 1224 3614 Bohemie.)

365 3736 468 3818 222.
514 3729 635 3844 (ata)
680 3733 968 3840 Sigismundus
1004 3765 1078 3819 rex
1119 3743 1229 3828 filius
1271 3747 1533 3856 imperatoris
1582 3768 1629 3837 et

208 3855 314 3961 regis
346 3856 557 3961 Bohcmie,
591 3857 642 3938 de
676 3882 883 3939 consensu
916 3869 958 3936 et
990 3861 1205 3948 voluntate
1239 3870 1452 3953 communi
1480 3875 1626 3978 prela·

210 3995 343 4060 torum
395 3981 597 4063 baronum
646 3991 688 4059 ot
734 3978 935 4061 nobilium
984 3981 1195 4090 Hungarie
1240 3991 1318 4072 fuit
1365 3993 1527 4077 clectus
1578 3997 1625 4080 in

208 4127 361 4206 regern,
395 4119 700 4209 coronatusque
733 4100 929 4182 vicesimo
963 4129 1071 4186 anno
1105 4111 1223 4193 etatis
1260 4140 1347 4195 sue.
1382 4115 1434 4196 Et
1472 4144 1627 4223 regna-

209 4222 266 4303 vit
298 4223 339 4304 in
373 4238 457 4307 toto
491 4225 609 4307 annis
641 4223 941 4331 quinquaginta
983 4242 1023 4307 et
1066 4232 1278 4316 iriensibus
1321 4264 1487 4319 nouem.
1540 4239 1627 4325 Hic

207 4358 301 4453 post
334 4348 492 4429 obitum
526 4346 692 4428 domine
724 4343 871 4443 Marie,
905 4372 986 4451 qne
1020 4350 1197 4436 decessit
1229 4357 1318 4438 sine
1352 4361 1466 4467 prole
1494 4387 1626 4445 acce·

207 4467 269 4574 pit
301 4467 340 4548 in
376 4494 550 4549 uxorem
588 4467 811 4548 Barbaram
853 4464 978 4548 filiarn
1022 4471 1249 4557 Herrnanni
1295 4481 1455 4564 comitis
1500 4481 1625 4591 Cilic,

209 4616 261 4668 ex
305 4616 388 4696 qua
429 4590 572 4694 genuit
621 4587 784 4668 unicarn
827 4584 952 4667 filiam
999 4592 1206 4678 Eiizabetlr
1252 4603 1441 4705 nornine,
1487 4630 1623 4711 quarn

208 4711 473 4816 postmodum
502 4709 666 4790 tradidit
692 4706 909 4810 coniugem
928 4709 1099 4796 Aiberto
1127 4719 1222 4800 duci
1241 4721 1419 4807 Austris.
1450 4724 1624 4813 Deinde

208 4831 318 4914 idem
351 4859 427 4914 rex
462 4831 749 4939 Sigismundus
779 4827 936 4914 clectus
971 4835 1049 4917 iuit
1082 4837 1122 4919 in
1157 4869 1297 4953 regern
1332 4844 1620 4942 Romanorum
