3592 5490
894 347 1050 452 ..MA-

274 564 498 668 midabaut,
525 576 572 648 ut
606 565 788 647 maximo
818 593 885 647 ere
918 566 1128 675 potiretur.
1160 562 1249 646 Rex
1286 565 1520 648 francorum
1555 594 1682 649 secu·

274 704 341 773 tus
387 703 449 772 est
497 716 606 792 euru,
656 716 781 795 quent
816 690 985 796 Geyclra
1031 715 1104 769 rex
1143 688 1364 770 honorifice
1405 691 1603 797 suscepit,
1640 704 1683 770 et

275 811 625 920 compaternitatis
668 812 834 892 viuculo
870 812 947 893 sibi
980 811 1202 918 copulauit.
1255 811 1379 893 Dedit
1418 828 1556 893 autern
1604 840 1680 893 rex

275 932 667 1044 Geychafratribus
700 935 784 1016 suis
827 935 1015 1015 Ladislao
1058 948 1099 1014 et
1140 932 1348 1040 Stephano
1391 935 1561 1017 ducales
1605 963 1680 1016 ex·

275 1083 447 1168 pensas,
497 1069 538 1138 et
582 1057 769 1163 regnauit
801 1059 919 1140 anuis
952 1057 1032 1138 XX
1064 1057 1276 1139 mensibus
1310 1059 1451 1140 tribus.
1503 1057 1684 1138 Moritur

276 1207 384 1263 anno
417 1178 587 1261 MCLXI
619 1194 660 1260 et
694 1179 800 1261 Albe
833 1180 1065 1262 tumulatus
1099 1193 1172 1261 est.

433 1303 501 1384 53.
537 1301 772 1410 Stephanus
807 1302 914 1385 filius
959 1314 1198 1405 coronatur,
1244 1316 1285 1382 et
1328 1303 1516 1409 regnauit
1558 1303 1684 1384 auuis

278 1424 338 1506 XI
370 1425 584 1507 mensibus
616 1424 687 1504 IX.

316 1596 317 1601 ¹
433 1548 503 1628 54.
535 1545 783 1655 'Stephanus
822 1546 947 1628 frater
994 1546 1161 1654 Geyclre
1210 1563 1305 1653 post
1352 1548 1430 1628 hoc
1479 1574 1683 1628 coronam

277 1670 352 1753 sibi
388 1670 605 1777 usurpauit
636 1668 962 1751 iriensibus-'Vct
995 1681 1222 1750 coronatur.
1270 1668 1431 1750 Deinde
1474 1671 1684 1778 expulsus

277 1793 329 1872 de
361 1819 487 1898 reguo
521 1792 702 1873 moritur.

265 2015 268 2024 Ι
433 1914 503 1997 55.
523 1914 621 1995 Bela
651 1914 775 1994 frater
808 1913 895 1994 eins
925 1924 1019 2020 post
1052 1913 1163 1993 huuc
1196 1915 1383 2019 regnauit
1400 1915 1518 1997 anuis
1537 1915 1684 1997 XXIII

279 2064 422 2119 meuse
455 2063 555 2136 uun,
591 2048 631 2115 et
656 2050 843 2118 urortuus
872 2048 935 2118 est
966 2061 1075 2116 auno
1109 2036 1264 2118 domiui
1298 2035 1448 2119 MCXC
1481 2038 1535 2118 kl.
1570 2037 1683 2146 May,

278 2171 320 2242 et
354 2159 461 2241 Albe
494 2159 680 2266 quiescit.

434 2282 505 2363 56.
537 2281 750 2362 Eruericus
783 2280 891 2362 filius
923 2279 1032 2362 illius
1066 2280 1163 2361 Bele
1198 2283 1385 2386 regnauit
1424 2283 1542 2363 aruris
1585 2282 1687 2364 VIII

277 2403 492 2486 mensibus
536 2402 622 2484 VII.
665 2402 851 2485 Mortuus
895 2420 957 2485 est
999 2430 1107 2484 anuo
1151 2403 1305 2484 domiui
1339 2404 1448 2487 MCC
1482 2419 1522 2485 et
1559 2433 1687 2512 sepe-

277 2527 375 2609 litur
407 2527 447 2607 iu
478 2525 652 2607 ecclesia
685 2525 886 2631 Agrieusi.

434 2645 504 2733 51.
538 2647 753 2730 Ladislaus
785 2646 894 2730 filius
928 2647 1104 2729 Ernerici
1134 2660 1369 2749 coronatur,
1421 2665 1461 2729 et
1492 2651 1690 2753 regnauit

280 2771 497 2854 mensibus
528 2766 586 2851 VI
619 2770 765 2852 diebus
797 2768 846 2870 V,
881 2783 921 2850 et
953 2784 1140 2852 mortuus
1174 2770 1280 2852 Albe
1314 2771 1499 2877 quiescit.

435 2893 505 2975 58.
534 2892 721 2974 Andreas
750 2904 866 2999 pater
892 2905 1032 2974 sancte
1076 2892 1286 2974 Elizabeth
1329 2908 1558 2973 coronatur.
1604 2892 1688 2974 Hic

279 3015 467 3097 Andreas
499 3016 577 3095 fuit
608 3014 715 3096 filius
749 3014 846 3095 Bele
880 3026 1003 3123 tercy,
1038 3015 1181 3096 habuit
1214 3041 1385 3095 uxorein
1421 3015 1685 3097 Gerrlrudeur

279 3139 330 3219 de
365 3137 569 3238 Aluiauia,
604 3164 656 3216 ex
689 3163 772 3244 qna
804 3138 946 3241 genuit
976 3137 1118 3218 Belaru
1154 3136 1454 3219 011101111111111111
1471 3138 1686 3219 Andrean]

283 3273 323 3341 et
363 3258 585 3341 Elizabeth.
630 3258 718 3339 Rex
761 3273 899 3373 autern
940 3252 1128 3340 Andreas
1172 3272 1320 3340 terrain
1365 3274 1548 3340 sanct-aur
1586 3261 1686 3343 visi-

278 3383 383 3464 tauit
413 3408 522 3489 papa
554 3382 796 3462 mandante:
838 3383 976 3462 Earn.
1018 3384 1062 3461 de
1106 3388 1180 3460 noti
1218 3384 1394 3487 ruderupt.
1442 3410 1523 3486 cop.
1579 3383 1690 3464 Licet

280 3510 479 3586 arrr'uaar‘s.
513 3503 616 3584 Nau]
652 3517 792 3585 votum
827 3503 953 3610 patris
986 3503 1184 3610 expleuit.
1226 3503 1303 3584 Hic
1351 3519 1543 3610 superato
1591 3503 1688 3585 Sol-

280 3628 386 3709 dano
420 3627 559 3734 plures
591 3626 784 3732 reIIquias
817 3625 1085 3731 comparauit,
1120 3639 1160 3706 et
1187 3654 1328 3708 secun]
1348 3627 1537 3732 portauit.
1558 3625 1686 3708 Modo

279 3763 419 3832 autern
453 3775 522 3831 eas
555 3748 747 3855 reliquias
780 3747 847 3828 ille
881 3748 1054 3828 ecclesie
1090 3748 1265 3839 habeut,
1309 3775 1482 3854 quarunt
1534 3750 1684 3855 prelati

280 3872 366 3979 regi
397 3871 585 3952 redeunti
618 3871 782 3952 obuiam
818 3885 1032 3951 venerunt.
1079 3870 1311 3951 Transactis
1352 3870 1411 3950 IX
1453 3871 1572 3951 aunis
1606 3900 1685 3952 rex

280 3994 406 4076 filiam
440 4020 557 4075 snam
591 3992 800 4073 Lodonico
833 3993 1063 4097 lantgrauio
1096 3992 1287 4098 'l‘uringie
1321 3993 1468 4100 nuptui
1500 3993 1683 4097 tradidit,

280 4116 351 4225 qui
383 4130 528 4224 postea
557 4114 788 4196 Jerusalem
827 4142 1001 4222 pergens
1045 4128 1230 4195 ruortuus
1274 4131 1336 4196 est
1379 4115 1542 4197 ibideru.
1589 4114 1684 4196 Rex

279 4239 469 4321 Andreas
503 4228 675 4319 moritur
706 4263 814 4318 anuo
847 4237 1001 4318 dorniui
1035 4235 1307 4318 MCCXXXV
1340 4253 1381 4318 et
1412 4237 1611 4345 sepelitur
1639 4239 1682 4319 iu

280 4360 530 4444 monasterio
563 4360 704 4466 Egurs,
1378 4452 1381 4457 ,

437 4482 506 4564 59.
540 4483 639 4563 Bcla
671 4481 778 4562 filius
814 4482 976 4562 Andree
1009 4493 1227 4562 coronatur
1271 4482 1375 4563 Albe
1418 4482 1458 4561 in
1504 4482 1685 4564 ecclesia

279 4606 391 4688 beati
423 4605 542 4706 Petri,
576 4630 700 4712 quoru
736 4604 822 4711 ipse
853 4603 1054 4706 fundauit,
1089 4616 1130 4683 et
1163 4604 1348 4708 regnauit
1369 4603 1529 4685 XXXV
1545 4605 1680 4688 arrrris.

280 4728 435 4810 Tartari
475 4755 569 4808 cunr
613 4726 833 4834 quinquies
871 4726 1055 4807 centenis
1096 4724 1262 4807 milibus
1305 4739 1555 4806 auuatoruru
1590 4755 1683 4833 reg·

282 4879 383 4934 uum
430 4847 640 4955 Hungarie
687 4851 939 4931 inuaserant.
1006 4847 1157 4930 Contra
1204 4874 1307 4954 quos
1354 4848 1454 4928 Bela
1501 4849 1684 4955 preliaus
