3592 5490
862 284 1017 386 aa

240 498 461 608 preficitur.
508 500 623 583 Buda
654 501 776 582 fratre
808 527 884 583 suo
917 502 969 583 dc
1003 499 1174 584 flumine
1205 500 1353 586 Tische
1388 530 1521 611 usque
1553 500 1791 585 Da»—

242 622 415 705 nubium
450 623 635 732 principe
670 635 711 705 et
742 636 899 704 rectore
932 624 1167 706 constituto,
1215 624 1303 706 Rex
1336 625 1459 731 igitur
1491 626 1549 706 ita
1591 625 1795 706 dec-2-

243 745 445 827 nominari
486 746 634 828 voluit:
681 746 802 855 Atyn
843 746 908 827 dci
949 748 1084 852 gracia
1114 746 1222 829 filius
1255 746 1477 830 Bendekus
1511 774 1794 856 nepoffi·

243 868 380 974 magni
414 866 563 975 Magor,
597 869 773 950 nutritus
807 869 846 948 in
875 868 1042 974 Engadi,
1076 896 1147 950 rex
1183 869 1386 952 hunorum
1424 871 1759 955 medoruut

243 1005 448 1097 gottorum
483 991 706 1091 danorum,
754 1003 890 1072 metus
924 991 1032 1072 orbis
1065 1006 1196 1092 terre,‘
1237 1004 1278 1073 et
1316 991 1525 1099 flagellum
1564 993 1632 1074 dci

243 1112 321 1194 Hic
354 1140 426 1194 rex
460 1113 628 1195 mirifice
662 1125 821 1196 astutus
855 1130 895 1193 ct
927 1114 1050 1195 armis
1082 1110 1270 1215 fulcitus,
1314 1142 1412 1196 auro
1445 1116 1762 1220 gentinis„

245 1263 327 1343 que
361 1235 640 1318 habundabat.
683 1235 909 1343 Expedicio
955 1264 1049 1316 vero
1091 1262 1166 1318 sua.
1210 1236 1388 1344 demptis
1436 1239 1771 1331 extranei&

244 1359 381 1441 decies
414 1359 598 1441 centenis
631 1358 797 1440 milibus
830 1373 1078 1439 armatorum
1113 1359 1349 1464 replebatur
1381 1375 1458 1439 etc.

401 1484 444 1561 5.
479 1480 611 1563 Hunis
645 1482 784 1587 itaque
818 1480 924 1561 ultra
956 1479 1130 1561 'sisciam
1166 1508 1259 1561 cum
1304 1482 1506 1563 uxoribus
1550 1484 1773 1564 rosi-

243 1603 450 1707 dentibuS,
484 1632 556 1683 rex
592 1603 713 1712 Atyn
750 1603 900 1683 ibidem
935 1603 1087 1683 curiam
1123 1605 1397 1709 congregabit,
1444 1602 1540 1710 quc
1566 1604 1675 1686 Dc·
1702 1652 1795 1672 --

244 1727 368 1807 tricus
412 1754 507 1808 cum
552 1726 761 1834 princibus
805 1726 1023 1806 Germanic
1068 1743 1143 1807 etc.
1188 1726 1269 1831 regi
1315 1727 1395 1832 (sc)
1452 1728 1657 1833 obmagio
1715 1751 1782 1791 ι’

243 1849 456 1949 submisit,
500 1861 542 1929 et
582 1848 691 1930 illius
728 1875 853 1929 suasu
895 1876 968 1928 rex
1003 1848 1253 1955 proclamato
1288 1849 1474 1930 exercitu
1510 1851 1650 1933 oxiuit
1737 1844 1773 1904 ἴ

245 1972 296 2052 de
339 1969 574 2053 Sicambria.
622 1971 755 2051 Primo
799 1970 960 2051 illiricos
999 1971 1166 2069 inuasit,
1211 1971 1358 2052 deiude
1392 1970 1640 2053 Constarrcir

244 2121 415 2199 regnum
454 2095 728 2201 pertransiuit.
771 2092 847 2174 Cui
880 2092 1167 2198 Sigismundus
1200 2120 1270 2173 rex
1315 2096 1493 2174 occurrit
1538 2096 1639 2175 circa

245 2216 447 2298 Basileam
482 2244 577 2297 cum
612 2216 796 2297 exercitu
832 2242 991 2321 magno,
1025 2242 1149 2322 quem
1184 2242 1257 2295 rex
1277 2217 1399 2323 Atyla
1427 2233 1639 2298 conterens

246 2366 321 2421 suo
360 2338 540 2420 dominio
583 2339 841 2444 subiugauit3
884 2355 924 2419 et
972 2353 1114 2446 postea
1162 2338 1425 2443 argentinam
1471 2340 1640 2441 obsedit,

246 2476 287 2543 et
327 2460 605 2568 expugnauit3
648 2487 765 2543 muro
808 2462 895 2542 eius
938 2460 978 2540 in
1021 2460 1193 2541 diuersis
1216 2461 1411 2575 partibus
1444 2462 1641 2543 dernolito

247 2584 407 2666 cunctis
439 2583 702 2666 venientibus
740 2585 907 2690 patebat
949 2584 1165 2689 ingressus.
1213 2582 1434 2690 Edixitque
1477 2612 1529 2663 nc
1570 2610 1643 2665 suo

248 2721 432 2813 tempore
467 2733 609 2788 mums
641 2707 946 2804 restitueretur3
980 2723 1020 2785 ct
1052 2705 1162 2811 quod
1197 2705 1361 2786 inantea
1382 2706 1530 2788 ciuitas
1557 2707 1645 2812 ipsa

247 2855 330 2909 non
365 2829 531 2934 Argenti
554 2855 590 2910 ta
622 2829 694 2909 sed
727 2827 944 2935 Straspurg
978 2826 1203 2908 vocaretur.

406 2953 444 3031 6.
495 2950 656 3032 Exinde
706 2950 936 3032 Bisanciam
984 2950 1265 3054 Burgundioni
1313 2966 1354 3030 et
1396 2949 1647 3054 Lugdunum

248 3074 400 3154 destrui
434 3073 551 3176 fecit,
595 3086 636 3154 et
668 3072 835 3155 dimissa
869 3090 982 3178 parte
1025 3072 1231 3153 exereitus
1263 3071 1348 3171 sui,
1396 3099 1419 3151 a
1464 3072 1647 3178 quodam

248 3196 418 3304 patricio
468 3220 727 3276 rorrranorurn
779 3195 904 3276 Encio
946 3212 986 3275 et
1029 3194 1067 3273 X
1113 3193 1367 3301 principibus
1420 3190 1649 3275 occidentis

249 3318 471 3418 inuaditur,
506 3331 546 3397 et
563 3318 707 3425 populi
726 3318 995 3398 coimitautur.
1029 3315 1184 3397 Habuit
1209 3314 1304 3395 inde
1321 3343 1346 3395 a
1365 3343 1486 3396 rnatre
1511 3343 1651 3422 usque

249 3458 413 3522 noctem
448 3440 661 3548 (prelium)
695 3456 777 3520 tam
813 3439 1010 3539 arduum3
1053 3455 1100 3519 ut
1141 3438 1218 3519 sibi
1261 3438 1479 3543 contigisse
1523 3466 1650 3518 nemo

250 3581 513 3644 memoretur.
549 3563 612 3643 Ab
645 3562 714 3642 illo
746 3565 885 3668 itaque
919 3563 984 3643 die
1005 3561 1212 3643 eleuatum
1248 3576 1308 3641 est
1336 3586 1406 3640 cor
1425 3559 1650 3660 hunorum,

249 3687 453 3792 timorque
496 3685 698 3792 percussit
745 3685 892 3764 orbem
930 3699 1046 3783 terre,
1091 3683 1144 3763 ita
1198 3699 1243 3763 ut
1289 3686 1408 3790 plura
1450 3710 1577 3787 regna
1612 3685 1647 3763 ei

249 3808 358 3889 Atile
390 3808 543 3889 tributo
580 3808 793 3888 seruirent.
836 3805 958 3885 Venit
998 3820 1091 3913 post
1134 3805 1210 3885 boc
1256 3804 1362 3885 Atila
1399 3804 1648 3886 Tolosanam

249 3930 512 4037 (ciuitatem),
545 3929 616 4010 ubi
650 3929 910 4010 laudabiliter
941 3942 1132 4034 receptus
1165 3927 1265 4008 abiit
1297 3943 1440 4006 contra
1466 3926 1649 4007 Remen-

248 4079 335 4134 sem
370 4053 591 4148 ciuitatem,
628 4065 669 4131 et
701 4052 931 4157 occupauit,
966 4068 1090 4156 atque
1123 4077 1267 4131 onmes
1301 4076 1405 4155 quos
1439 4049 1492 4128 ibi
1528 4077 1648 4156 repc-

248 4174 300 4255 rit
331 4175 424 4279 igne
458 4191 498 4254 et
529 4173 664 4279 gbadio
697 4173 941 4255 deuastauit.
974 4173 1076 4252 Tota
1109 4172 1229 4275 igitur
1263 4172 1432 4252 Francia
1464 4188 1503 4249 et
1526 4171 1656 4283 tum--

249 4297 335 4378 dria
367 4296 562 4377 demolita
595 4295 808 4377 Coloniam
842 4296 1048 4402 peruenit,
1082 4295 1153 4375 ubi
1187 4295 1389 4374 iuniorum
1426 4294 1649 4376 crudelitas

248 4437 432 4501 sanctam
474 4418 666 4501 Vrsuiarn
711 4448 806 4501 cum
850 4418 1059 4500 sodalibus
1101 4416 1316 4497 interemit.
1369 4413 1552 4497 Domum
1610 4417 1648 4497 in

248 4542 482 4648 Turingiam
526 4542 758 4651 profectus,
806 4541 915 4651 apud
961 4540 1186 4622 Ysinacmn
1221 4539 1374 4620 curiam
1410 4539 1649 4642 celebrauit,

250 4680 291 4748 et
322 4692 447 4773 super
479 4665 602 4747 dacos
636 4691 855 4747 normanus
891 4664 1063 4746 frisones
1106 4661 1325 4772 lytbuanos
1368 4674 1409 4742 et
1450 4678 1651 4769 prutenos

250 4790 480 4874 exercitum
524 4788 757 4892 destinauit,
801 4813 905 4898 quos
949 4787 1135 4870 deuictos
1178 4785 1256 4869 sibi
1295 4784 1394 4868 fecit
1425 4784 1648 4873 deseruire.
