3660 5506
846 225 1003 327 ’,ιι-6-

224 445 363 557 perius
397 457 646 529 memoratos
657 439 687 552 ¹)
718 444 911 527 nrauibus
947 442 1174 529 catlrenatis
1200 445 1440 554 etpedibus
1468 446 1636 528 Thorne

225 569 492 675 Strigoniensi
535 568 846 674 archiepiscopo
889 567 1123 650 destinauit.
1156 567 1268 664 Quos
1311 569 1420 650 idern
1464 570 1633 652 archie-

224 694 421 801 piscopus
453 690 604 772 carceri
639 688 904 800 uraneipanit,
923 704 963 769 et
988 691 1025 772 in
1061 691 1205 774 eodeni
1240 689 1397 773 tristem
1430 692 1633 802 spiritum

226 816 464 899 emiserunt.

296 1126 519 1231 (Expulno
547 1123 714 1209 ottone
741 1123 946 1204 karolus
972 1121 1021 1203 ln
1046 1144 1206 1229 rogem
1233 1123 1483 1229 suscipltur
1510 1131 1563 1207 ot

739 1269 998 1346 coronatur.
1025 1264 1109 1359 B.·)

389 1535 488 1617 136.
521 1531 626 1613 Cunr
661 1531 783 1637 igitur
813 1557 918 1638 puer
939 1532 1114 1614 llarolus
1136 1532 1295 1639 absque
1326 1531 1440 1638 regui
1471 1531 1636 1615 solacio

228 1661 269 1741 in
301 1656 515 1763 Hungaria
546 1650 827 1761 rnoraretur·³)‚
847 1654 988 1736 Frater
1008 1654 1182 1737 Gentilis
1215 1654 1321 1736 tituli
1354 1655 1484 1737 sancti
1517 1652 1633 1737 Mar·

227 1782 303 1863 tini
335 1781 374 1861 in
409 1779 534 1885 (aab)
561 1778 772 1858 montibus
798 1777 1001 1884 presbiter
1032 1776 1249 1858 cardinalis
1282 1776 1333 1857 de
1360 1777 1501 1858 ordine
1529 1777 1633 1860 Fra·

228 1919 336 1985 trun]
373 1902 577 1983 rninorunr
600 1928 652 1979 ex
674 1899 916 1980 arrctoritate
948 1900 1130 2007 snrnptni
1163 1899 1367 2006 pontilicis
1399 1896 1631 2008 plenaria⁴)

229 2053 338 2108 anno
386 2022 541 2104 donrini
590 2022 808 2104 rnillesirno
857 2022 1134 2103 tricentcshno
1176 2035 1324 2104 octauo
1372 2021 1630 2105 Pannoniam

230 2147 423 2228 introiuit.
445 2144 538 2225 Uno
571 2144 775 2250 siquidern
811 2171 919 2225 anno
953 2147 992 2227 in
1028 2172 1128 2253 pace
1160 2159 1379 2246 transacto,
1412 2172 1520 2226 anno
1554 2147 1630 2227 do·

229 2270 329 2351 ruini
373 2268 590 2349 rnillesirno
638 2267 917 2348 tricentesimo
960 2295 1069 2349 nono
1112 2268 1409 2349 constitucione
1457 2269 1630 2352 terribili

230 2391 502 2499 promulgata,
537 2391 695 2472 nobiles
741 2390 850 2494 regni
894 2390 1168 2472 arrathernatis
1200 2390 1366 2471 vinculo
1399 2391 1629 2474 innodauit.

229 2514 487 2622 Pauperibus
509 2538 606 2594 vero
641 2528 682 2593 et
713 2512 911 2593 dinitibns
945 2512 1148 2594 uniuersis
1181 2513 1319 2593 diuina
1353 2515 1533 2595 strictius
1568 2516 1629 2596 in·

230 2636 412 2719 terdixit.
452 2633 504 2714 Et
543 2635 621 2715 hec
661 2635 759 2715 fecit
800 2633 877 2713 illis
919 2635 1125 2717 nobilibus
1169 2635 1238 2741 qni
1273 2637 1362 2716 iura
1403 2636 1557 2741 regalia
1591 2652 1631 2718 et

230 2758 427 2864 reginalia
460 2756 657 2838 uolebant
690 2757 903 2836 restituere
926 2756 1010 2862 regi
1031 2757 1182 2839 llarolo
1217 2755 1464 2865 supradicto,
1483 2773 1525 2839 et
1558 2761 1631 2866 qni

230 2908 326 2961 enrn
365 2906 504 2984 regern
547 2879 717 2959 rniuinre
757 2879 1025 2984 appellarent.
1060 2879 1297 2960 Ladizlauru
1329 2907 1427 2962 vero
1458 2880 1632 2992 Voyuo·

230 3003 324 3084 darn
357 3000 674 3082 'l‘ransiluarnnn
710 3000 877 3107 speciali
911 3002 1349 3083 exconununicacione
1381 3003 1545 3106 feriens,
1582 3031 1634 3086 eo

231 3124 342 3231 qnod
386 3149 578 3204 coronarn
624 3122 746 3228 regni,
782 3149 904 3228 quarn
948 3124 1001 3203 ab
1043 3123 1194 3205 Ottone
1237 3125 1343 3205 duce
1386 3127 1484 3207 durn
1530 3154 1633 3209 eurn

230 3246 516 3353 eaptinauerat
555 3258 777 3352 receperat,
815 3245 997 3326 indebite
1035 3247 1267 3348 detinebat3
1300 3260 1341 3325 et
1372 3248 1470 3356 quia
1500 3249 1632 3330 filiam

230 3394 348 3449 snarn
383 3367 491 3446 idern
525 3367 739 3465 Ladizlaus
772 3369 994 3449 tradiderat
1013 3369 1096 3450 tilio
1117 3367 1314 3478 Stephani
1347 3371 1453 3477 regis
1484 3369 1633 3454 Seruie

230 3489 462 3570 scisuratioo
505 3490 546 3570 in
588 3515 777 3572 uxorein.
824 3496 1083 3600 Quapropter
1131 3519 1225 3574 curu
1270 3494 1417 3602 prefati
1466 3492 1632 3578 nobiles

231 3626 349 3691 extra
382 3611 580 3692 cimiteria
613 3638 784 3718 corpora
805 3612 981 3694 iacentia
1013 3616 1300 3723 conspicerent
1324 3618 1631 3720 defunctorum,

231 3759 370 3815 aruaro
403 3733 548 3841 spiritu
584 3736 821 3842 perturbati,
855 3762 963 3816 anno
996 3738 1151 3818 donnini
1185 3739 1403 3821 rnillesirno
1434 3740 1631 3822 tricente-

231 3857 336 3938 sinro
377 3856 540 3937 decimo
584 3857 817 3961 congregati
860 3857 899 3937 in
944 3884 1139 3966 carnpurn
1181 3859 1318 3943 Raltus
1359 3861 1466 3942 circa
1507 3860 1632 3943 Pesth

231 3979 429 4060 llarolunr
464 3978 721 4085 sepedictum
756 3979 797 4060 in
824 4005 961 4084 regern
996 3982 1251 4063 ‹torrcorditer
1282 3995 1567 4091 susceperuut,
1592 3996 1635 4065 et

231 4101 383 4182 Alban]
429 4114 697 4207 properantes
744 4101 846 4182 feria
887 4100 1031 4207 quinta
1073 4102 1111 4182 in
1154 4105 1311 4187 octanis
1353 4107 1484 4188 sancti
1525 4107 1634 4212 regis

230 4221 442 4330 Stephani,
480 4223 750 4330 solempniter
781 4251 876 4305 cunr
912 4223 1046 4304 leticia
1079 4241 1327 4309 coronarunt
1359 4256 1453 4309 curn
1486 4241 1636 4311 sancta

230 4370 385 4434 corona
416 4370 441 4425 a
472 4345 661 4425 Ladizlao
694 4341 927 4454 nayucda⁵)
961 4347 1159 4429 restituta.

230 4533 437 4541 ——-—-—

389 4615 414 4700 ¹)
440 4619 642 4694 nominatos.
671 4622 742 4695 VP.
774 4617 800 4702 ²)
824 4624 874 4694 Ile,
902 4622 1119 4693 orronatione
1147 4624 1266 4700 Karoli
1297 4624 1400 4723 regis.
1428 4624 1455 4705 ³¹)
1480 4649 1631 4701 rnorere-

231 4747 296 4813 tur.
329 4741 363 4813 S.
394 4736 422 4822 ⁴)
446 4740 620 4836 primaria.
651 4743 689 4816 B.
722 4736 747 4820 ὓ)
772 4741 949 4839 Voynoda.
979 4743 1019 4817 B.
