<?xml version="1.0" encoding="UTF-8"?>
<!DOCTYPE html PUBLIC "-//W3C//DTD XHTML 1.0 Transitional//EN"
    "http://www.w3.org/TR/xhtml1/DTD/xhtml1-transitional.dtd">
<html xmlns="http://www.w3.org/1999/xhtml" xml:lang="en" lang="en">
 <head>
  <title>
</title>
<meta http-equiv="Content-Type" content="text/html;charset=utf-8" />
  <meta name='ocr-system' content='tesseract 3.04.00' />
  <meta name='ocr-capabilities' content='ocr_page ocr_carea ocr_par ocr_line ocrx_word'/>
</head>
<body>
  <div class='ocr_page' id='page_1' title='image "./chronicondubnic00florgoog_0186.png"; bbox 0 0 3660 5506; ppageno 0'>
   <div class='ocr_carea' id='block_1_1' title="bbox 828 371 985 472">
    <p class='ocr_par' dir='ltr' id='par_1_1' title="bbox 828 371 985 472">
     <span class='ocr_line' id='line_1_1' title="bbox 828 371 985 472; baseline 0 -35"><span class='ocrx_word' id='word_1_1' title='bbox 828 371 985 472; x_wconf 47' lang='lat' dir='ltr'>nn-</span> 
     </span>
    </p>
   </div>
   <div class='ocr_carea' id='block_1_2' title="bbox 206 585 1626 3118">
    <p class='ocr_par' dir='ltr' id='par_1_2' title="bbox 206 585 1626 3118">
     <span class='ocr_line' id='line_1_2' title="bbox 206 585 1619 694; baseline 0 -27"><span class='ocrx_word' id='word_1_2' title='bbox 206 587 450 669; x_wconf 85' lang='lat' dir='ltr'>instanciam</span> <span class='ocrx_word' id='word_1_3' title='bbox 486 600 700 694; x_wconf 88' lang='lat' dir='ltr'>tamqnam</span> <span class='ocrx_word' id='word_1_4' title='bbox 745 589 923 671; x_wconf 85' lang='lat' dir='ltr'>deuotus</span> <span class='ocrx_word' id='word_1_5' title='bbox 963 601 1004 669; x_wconf 89' lang='lat' dir='ltr'>et</span> <span class='ocrx_word' id='word_1_6' title='bbox 1046 587 1244 671; x_wconf 89' lang='lat' dir='ltr'>obediens</span> <span class='ocrx_word' id='word_1_7' title='bbox 1291 587 1420 689; x_wconf 77' lang='lat' dir='ltr'>filius,</span> <span class='ocrx_word' id='word_1_8' title='bbox 1469 585 1619 694; x_wconf 87' lang='lat' dir='ltr'>ipsum</span> 
     </span>
     <span class='ocr_line' id='line_1_3' title="bbox 207 711 1621 817; baseline -0.001 -25"><span class='ocrx_word' id='word_1_9' title='bbox 207 738 392 815; x_wconf 85' lang='lat' dir='ltr'>regnum,</span> <span class='ocrx_word' id='word_1_10' title='bbox 427 737 587 791; x_wconf 85' lang='lat' dir='ltr'>necnon</span> <span class='ocrx_word' id='word_1_11' title='bbox 622 722 754 793; x_wconf 88' lang='lat' dir='ltr'>castra</span> <span class='ocrx_word' id='word_1_12' title='bbox 787 712 975 793; x_wconf 87' lang='lat' dir='ltr'>ciuitates</span> <span class='ocrx_word' id='word_1_13' title='bbox 999 711 1256 792; x_wconf 78' lang='lat' dir='ltr'>municiones</span> <span class='ocrx_word' id='word_1_14' title='bbox 1274 727 1487 817; x_wconf 89' lang='lat' dir='ltr'>terrasque</span> <span class='ocrx_word' id='word_1_15' title='bbox 1507 736 1621 816; x_wconf 87' lang='lat' dir='ltr'>qnas</span> 
     </span>
     <span class='ocr_line' id='line_1_4' title="bbox 206 833 1618 940; baseline -0.001 -27"><span class='ocrx_word' id='word_1_16' title='bbox 206 835 387 932; x_wconf 87' lang='lat' dir='ltr'>tenebat,</span> <span class='ocrx_word' id='word_1_17' title='bbox 408 860 482 940; x_wconf 84' lang='lat' dir='ltr'>per</span> <span class='ocrx_word' id='word_1_18' title='bbox 507 859 603 914; x_wconf 87' lang='lat' dir='ltr'>snos</span> <span class='ocrx_word' id='word_1_19' title='bbox 625 834 930 915; x_wconf 76' lang='lat' dir='ltr'>ambasiatores,</span> <span class='ocrx_word' id='word_1_20' title='bbox 958 834 1149 915; x_wconf 79' lang='lat' dir='ltr'>videlicet</span> <span class='ocrx_word' id='word_1_21' title='bbox 1170 833 1383 914; x_wconf 72' lang='lat' dir='ltr'>(lominum</span> <span class='ocrx_word' id='word_1_22' title='bbox 1407 833 1618 913; x_wconf 88' lang='lat' dir='ltr'>loannem</span> 
     </span>
     <span class='ocr_line' id='line_1_5' title="bbox 208 954 1621 1062; baseline -0.001 -26"><span class='ocrx_word' id='word_1_23' title='bbox 208 957 386 1037; x_wconf 83' lang='lat' dir='ltr'>electum</span> <span class='ocrx_word' id='word_1_24' title='bbox 421 954 769 1062; x_wconf 80' lang='lat' dir='ltr'>Vesprimiensem</span> <span class='ocrx_word' id='word_1_25' title='bbox 803 959 844 1038; x_wconf 89' lang='lat' dir='ltr'>in</span> <span class='ocrx_word' id='word_1_26' title='bbox 878 957 966 1036; x_wconf 88' lang='lat' dir='ltr'>inre</span> <span class='ocrx_word' id='word_1_27' title='bbox 999 956 1197 1037; x_wconf 81' lang='lat' dir='ltr'>canonico</span> <span class='ocrx_word' id='word_1_28' title='bbox 1239 955 1527 1053; x_wconf 76' lang='lat' dir='ltr'>licenciatnm3</span> <span class='ocrx_word' id='word_1_29' title='bbox 1574 971 1621 1034; x_wconf 86' lang='lat' dir='ltr'>et</span> 
     </span>
     <span class='ocr_line' id='line_1_6' title="bbox 207 1077 1619 1187; baseline -0.004 -26"><span class='ocrx_word' id='word_1_30' title='bbox 207 1079 308 1161; x_wconf 89' lang='lat' dir='ltr'>alios</span> <span class='ocrx_word' id='word_1_31' title='bbox 341 1078 393 1158; x_wconf 94' lang='lat' dir='ltr'>ad</span> <span class='ocrx_word' id='word_1_32' title='bbox 426 1104 574 1159; x_wconf 89' lang='lat' dir='ltr'>manus</span> <span class='ocrx_word' id='word_1_33' title='bbox 607 1077 761 1158; x_wconf 88' lang='lat' dir='ltr'>domini</span> <span class='ocrx_word' id='word_1_34' title='bbox 795 1107 902 1187; x_wconf 88' lang='lat' dir='ltr'>pape</span> <span class='ocrx_word' id='word_1_35' title='bbox 935 1080 1180 1185; x_wconf 83' lang='lat' dir='ltr'>assignauit,</span> <span class='ocrx_word' id='word_1_36' title='bbox 1228 1079 1313 1158; x_wconf 86' lang='lat' dir='ltr'>inre</span> <span class='ocrx_word' id='word_1_37' title='bbox 1352 1093 1492 1158; x_wconf 85' lang='lat' dir='ltr'>tamen</span> <span class='ocrx_word' id='word_1_38' title='bbox 1534 1103 1619 1157; x_wconf 81' lang='lat' dir='ltr'>suo</span> 
     </span>
     <span class='ocr_line' id='line_1_7' title="bbox 207 1199 1617 1308; baseline -0.001 -27"><span class='ocrx_word' id='word_1_39' title='bbox 207 1202 247 1282; x_wconf 92' lang='lat' dir='ltr'>in</span> <span class='ocrx_word' id='word_1_40' title='bbox 281 1228 407 1306; x_wconf 83' lang='lat' dir='ltr'>regno</span> <span class='ocrx_word' id='word_1_41' title='bbox 440 1200 515 1282; x_wconf 86' lang='lat' dir='ltr'>sibi</span> <span class='ocrx_word' id='word_1_42' title='bbox 550 1204 800 1308; x_wconf 78' lang='lat' dir='ltr'>competenti</span> <span class='ocrx_word' id='word_1_43' title='bbox 835 1203 952 1284; x_wconf 86' lang='lat' dir='ltr'>saluo</span> <span class='ocrx_word' id='word_1_44' title='bbox 995 1217 1216 1284; x_wconf 88' lang='lat' dir='ltr'>reseruato.</span> <span class='ocrx_word' id='word_1_45' title='bbox 1259 1200 1430 1306; x_wconf 76' lang='lat' dir='ltr'>[legales</span> <span class='ocrx_word' id='word_1_46' title='bbox 1474 1199 1617 1279; x_wconf 82' lang='lat' dir='ltr'>eciam</span> 
     </span>
     <span class='ocr_line' id='line_1_8' title="bbox 208 1323 1619 1432; baseline -0.002 -27"><span class='ocrx_word' id='word_1_47' title='bbox 208 1324 437 1432; x_wconf 82' lang='lat' dir='ltr'>predictos,</span> <span class='ocrx_word' id='word_1_48' title='bbox 471 1348 575 1429; x_wconf 85' lang='lat' dir='ltr'>qnos</span> <span class='ocrx_word' id='word_1_49' title='bbox 608 1323 648 1403; x_wconf 92' lang='lat' dir='ltr'>in</span> <span class='ocrx_word' id='word_1_50' title='bbox 683 1325 870 1406; x_wconf 83' lang='lat' dir='ltr'>custodia</span> <span class='ocrx_word' id='word_1_51' title='bbox 901 1325 1090 1425; x_wconf 85' lang='lat' dir='ltr'>tenebat,</span> <span class='ocrx_word' id='word_1_52' title='bbox 1140 1325 1351 1421; x_wconf 88' lang='lat' dir='ltr'>liberauit,</span> <span class='ocrx_word' id='word_1_53' title='bbox 1399 1335 1440 1401; x_wconf 90' lang='lat' dir='ltr'>et</span> <span class='ocrx_word' id='word_1_54' title='bbox 1474 1349 1619 1427; x_wconf 88' lang='lat' dir='ltr'>usqne</span> 
     </span>
     <span class='ocr_line' id='line_1_9' title="bbox 207 1445 1617 1528; baseline -0.002 -1"><span class='ocrx_word' id='word_1_55' title='bbox 207 1447 411 1528; x_wconf 78' lang='lat' dir='ltr'>Venerias</span> <span class='ocrx_word' id='word_1_56' title='bbox 454 1473 548 1525; x_wconf 83' lang='lat' dir='ltr'>cnm</span> <span class='ocrx_word' id='word_1_57' title='bbox 591 1473 737 1528; x_wconf 85' lang='lat' dir='ltr'>securo</span> <span class='ocrx_word' id='word_1_58' title='bbox 778 1447 984 1527; x_wconf 86' lang='lat' dir='ltr'>conducto</span> <span class='ocrx_word' id='word_1_59' title='bbox 1029 1447 1249 1527; x_wconf 89' lang='lat' dir='ltr'>honorifice</span> <span class='ocrx_word' id='word_1_60' title='bbox 1293 1445 1517 1527; x_wconf 86' lang='lat' dir='ltr'>destinauit</span> <span class='ocrx_word' id='word_1_61' title='bbox 1558 1445 1617 1524; x_wconf 87' lang='lat' dir='ltr'>ad</span> 
     </span>
     <span class='ocr_line' id='line_1_10' title="bbox 211 1567 1621 1676; baseline -0.002 -27"><span class='ocrx_word' id='word_1_62' title='bbox 211 1569 375 1676; x_wconf 91' lang='lat' dir='ltr'>propria</span> <span class='ocrx_word' id='word_1_63' title='bbox 410 1567 664 1650; x_wconf 87' lang='lat' dir='ltr'>remeandos.</span> <span class='ocrx_word' id='word_1_64' title='bbox 701 1567 780 1663; x_wconf 80' lang='lat' dir='ltr'>Qui</span> <span class='ocrx_word' id='word_1_65' title='bbox 824 1596 919 1651; x_wconf 89' lang='lat' dir='ltr'>cum</span> <span class='ocrx_word' id='word_1_66' title='bbox 953 1595 1102 1674; x_wconf 80' lang='lat' dir='ltr'>magna</span> <span class='ocrx_word' id='word_1_67' title='bbox 1133 1569 1270 1649; x_wconf 87' lang='lat' dir='ltr'>leticia</span> <span class='ocrx_word' id='word_1_68' title='bbox 1303 1595 1376 1674; x_wconf 90' lang='lat' dir='ltr'>per</span> <span class='ocrx_word' id='word_1_69' title='bbox 1417 1591 1534 1647; x_wconf 87' lang='lat' dir='ltr'>mare</span> <span class='ocrx_word' id='word_1_70' title='bbox 1576 1567 1621 1647; x_wconf 93' lang='lat' dir='ltr'>in</span> 
     </span>
     <span class='ocr_line' id='line_1_11' title="bbox 210 1689 1623 1798; baseline -0.003 -26"><span class='ocrx_word' id='word_1_71' title='bbox 210 1691 424 1798; x_wconf 81' lang='lat' dir='ltr'>Neapolim</span> <span class='ocrx_word' id='word_1_72' title='bbox 450 1692 772 1794; x_wconf 67' lang='lat' dir='ltr'>transfretantes</span> <span class='ocrx_word' id='word_1_73' title='bbox 806 1721 900 1772; x_wconf 73' lang='lat' dir='ltr'>ceum</span> <span class='ocrx_word' id='word_1_74' title='bbox 922 1693 1102 1771; x_wconf 80' lang='lat' dir='ltr'>maxima</span> <span class='ocrx_word' id='word_1_75' title='bbox 1119 1691 1378 1773; x_wconf 80' lang='lat' dir='ltr'>solemnitate</span> <span class='ocrx_word' id='word_1_76' title='bbox 1397 1702 1438 1769; x_wconf 90' lang='lat' dir='ltr'>et</span> <span class='ocrx_word' id='word_1_77' title='bbox 1456 1689 1623 1769; x_wconf 88' lang='lat' dir='ltr'>honore</span> 
     </span>
     <span class='ocr_line' id='line_1_12' title="bbox 211 1812 1624 1921; baseline -0.004 -26"><span class='ocrx_word' id='word_1_78' title='bbox 211 1826 308 1896; x_wconf 89' lang='lat' dir='ltr'>sunt</span> <span class='ocrx_word' id='word_1_79' title='bbox 341 1813 519 1920; x_wconf 77' lang='lat' dir='ltr'>recepti,</span> <span class='ocrx_word' id='word_1_80' title='bbox 568 1815 698 1893; x_wconf 88' lang='lat' dir='ltr'>acad</span> <span class='ocrx_word' id='word_1_81' title='bbox 733 1815 914 1921; x_wconf 87' lang='lat' dir='ltr'>ipsorum</span> <span class='ocrx_word' id='word_1_82' title='bbox 950 1812 1131 1894; x_wconf 87' lang='lat' dir='ltr'>dominia</span> <span class='ocrx_word' id='word_1_83' title='bbox 1172 1827 1212 1894; x_wconf 90' lang='lat' dir='ltr'>et</span> <span class='ocrx_word' id='word_1_84' title='bbox 1261 1813 1517 1919; x_wconf 80' lang='lat' dir='ltr'>principatus</span> <span class='ocrx_word' id='word_1_85' title='bbox 1569 1837 1624 1890; x_wconf 85' lang='lat' dir='ltr'>ae.</span> 
     </span>
     <span class='ocr_line' id='line_1_13' title="bbox 211 1933 1623 2042; baseline -0.003 -25"><span class='ocrx_word' id='word_1_86' title='bbox 211 1937 386 2018; x_wconf 85' lang='lat' dir='ltr'>ducatus</span> <span class='ocrx_word' id='word_1_87' title='bbox 419 1935 605 2018; x_wconf 84' lang='lat' dir='ltr'>restituti.</span> <span class='ocrx_word' id='word_1_88' title='bbox 644 1935 731 2016; x_wconf 87' lang='lat' dir='ltr'>Hoc</span> <span class='ocrx_word' id='word_1_89' title='bbox 765 1964 844 2017; x_wconf 78' lang='lat' dir='ltr'>nrm</span> <span class='ocrx_word' id='word_1_90' title='bbox 885 1936 1169 2042; x_wconf 86' lang='lat' dir='ltr'>pretermisso,</span> <span class='ocrx_word' id='word_1_91' title='bbox 1213 1936 1321 2042; x_wconf 87' lang='lat' dir='ltr'>qnod</span> <span class='ocrx_word' id='word_1_92' title='bbox 1366 1948 1450 2015; x_wconf 89' lang='lat' dir='ltr'>tam</span> <span class='ocrx_word' id='word_1_93' title='bbox 1493 1933 1623 2013; x_wconf 86' lang='lat' dir='ltr'>inon-</span> 
     </span>
     <span class='ocr_line' id='line_1_14' title="bbox 214 2055 1626 2165; baseline -0.001 -27"><span class='ocrx_word' id='word_1_94' title='bbox 214 2059 345 2138; x_wconf 83' lang='lat' dir='ltr'>lenter</span> <span class='ocrx_word' id='word_1_95' title='bbox 378 2071 418 2138; x_wconf 87' lang='lat' dir='ltr'>et</span> <span class='ocrx_word' id='word_1_96' title='bbox 451 2057 559 2138; x_wconf 82' lang='lat' dir='ltr'>clare</span> <span class='ocrx_word' id='word_1_97' title='bbox 601 2085 736 2140; x_wconf 90' lang='lat' dir='ltr'>rerum</span> <span class='ocrx_word' id='word_1_98' title='bbox 780 2075 985 2164; x_wconf 81' lang='lat' dir='ltr'>gestarum</span> <span class='ocrx_word' id='word_1_99' title='bbox 1025 2059 1172 2140; x_wconf 86' lang='lat' dir='ltr'>seriem</span> <span class='ocrx_word' id='word_1_100' title='bbox 1216 2086 1290 2165; x_wconf 89' lang='lat' dir='ltr'>per</span> <span class='ocrx_word' id='word_1_101' title='bbox 1331 2055 1626 2137; x_wconf 77' lang='lat' dir='ltr'>distinctiones</span> 
     </span>
     <span class='ocr_line' id='line_1_15' title="bbox 213 2179 1623 2289; baseline -0.001 -28"><span class='ocrx_word' id='word_1_102' title='bbox 213 2206 414 2262; x_wconf 88' lang='lat' dir='ltr'>annornm</span> <span class='ocrx_word' id='word_1_103' title='bbox 450 2192 490 2259; x_wconf 92' lang='lat' dir='ltr'>et</span> <span class='ocrx_word' id='word_1_104' title='bbox 523 2179 705 2283; x_wconf 84' lang='lat' dir='ltr'>dierum,</span> <span class='ocrx_word' id='word_1_105' title='bbox 748 2181 1086 2289; x_wconf 86' lang='lat' dir='ltr'>prepedientibns</span> <span class='ocrx_word' id='word_1_106' title='bbox 1122 2180 1345 2261; x_wconf 86' lang='lat' dir='ltr'>interuallis</span> <span class='ocrx_word' id='word_1_107' title='bbox 1375 2191 1623 2284; x_wconf 86' lang='lat' dir='ltr'>temporum</span> 
     </span>
     <span class='ocr_line' id='line_1_16' title="bbox 212 2300 1626 2410; baseline -0.002 -27"><span class='ocrx_word' id='word_1_108' title='bbox 212 2305 362 2383; x_wconf 86' lang='lat' dir='ltr'>referre</span> <span class='ocrx_word' id='word_1_109' title='bbox 396 2329 477 2383; x_wconf 85' lang='lat' dir='ltr'>non</span> <span class='ocrx_word' id='word_1_110' title='bbox 512 2304 649 2408; x_wconf 89' lang='lat' dir='ltr'>potni;</span> <span class='ocrx_word' id='word_1_111' title='bbox 699 2304 794 2410; x_wconf 84' lang='lat' dir='ltr'>quia</span> <span class='ocrx_word' id='word_1_112' title='bbox 833 2304 971 2410; x_wconf 88' lang='lat' dir='ltr'>aliqua</span> <span class='ocrx_word' id='word_1_113' title='bbox 1015 2330 1088 2409; x_wconf 86' lang='lat' dir='ltr'>per</span> <span class='ocrx_word' id='word_1_114' title='bbox 1129 2303 1332 2409; x_wconf 84' lang='lat' dir='ltr'>meipsum</span> <span class='ocrx_word' id='word_1_115' title='bbox 1377 2300 1527 2400; x_wconf 78' lang='lat' dir='ltr'>didici,</span> <span class='ocrx_word' id='word_1_116' title='bbox 1579 2315 1626 2380; x_wconf 92' lang='lat' dir='ltr'>et</span> 
     </span>
     <span class='ocr_line' id='line_1_17' title="bbox 213 2421 1624 2532; baseline -0.003 -27"><span class='ocrx_word' id='word_1_117' title='bbox 213 2425 350 2531; x_wconf 85' lang='lat' dir='ltr'>aliqua</span> <span class='ocrx_word' id='word_1_118' title='bbox 384 2453 458 2532; x_wconf 87' lang='lat' dir='ltr'>per</span> <span class='ocrx_word' id='word_1_119' title='bbox 490 2423 589 2506; x_wconf 90' lang='lat' dir='ltr'>alios</span> <span class='ocrx_word' id='word_1_120' title='bbox 622 2426 702 2506; x_wconf 84' lang='lat' dir='ltr'>tide</span> <span class='ocrx_word' id='word_1_121' title='bbox 736 2427 880 2530; x_wconf 86' lang='lat' dir='ltr'>dignos</span> <span class='ocrx_word' id='word_1_122' title='bbox 904 2453 1036 2505; x_wconf 88' lang='lat' dir='ltr'>rerum</span> <span class='ocrx_word' id='word_1_123' title='bbox 1062 2426 1254 2505; x_wconf 89' lang='lat' dir='ltr'>noticiam</span> <span class='ocrx_word' id='word_1_124' title='bbox 1275 2424 1474 2505; x_wconf 87' lang='lat' dir='ltr'>habentes</span> <span class='ocrx_word' id='word_1_125' title='bbox 1493 2421 1624 2501; x_wconf 89' lang='lat' dir='ltr'>intel·</span> 
     </span>
     <span class='ocr_line' id='line_1_18' title="bbox 213 2545 1624 2655; baseline -0.002 -28"><span class='ocrx_word' id='word_1_126' title='bbox 213 2547 320 2649; x_wconf 83' lang='lat' dir='ltr'>lexi,</span> <span class='ocrx_word' id='word_1_127' title='bbox 364 2547 483 2655; x_wconf 75' lang='lat' dir='ltr'>(aaa)</span> <span class='ocrx_word' id='word_1_128' title='bbox 523 2559 563 2624; x_wconf 89' lang='lat' dir='ltr'>et</span> <span class='ocrx_word' id='word_1_129' title='bbox 606 2548 663 2629; x_wconf 76' lang='lat' dir='ltr'>sic</span> <span class='ocrx_word' id='word_1_130' title='bbox 707 2549 826 2629; x_wconf 82' lang='lat' dir='ltr'>venia</span> <span class='ocrx_word' id='word_1_131' title='bbox 871 2549 1073 2629; x_wconf 85' lang='lat' dir='ltr'>trilmatm·</span> <span class='ocrx_word' id='word_1_132' title='bbox 1116 2549 1189 2627; x_wconf 83' lang='lat' dir='ltr'>rite</span> <span class='ocrx_word' id='word_1_133' title='bbox 1231 2545 1469 2637; x_wconf 77' lang='lat' dir='ltr'>excusanti3</span> <span class='ocrx_word' id='word_1_134' title='bbox 1520 2572 1624 2624; x_wconf 86' lang='lat' dir='ltr'>onm</span> 
     </span>
     <span class='ocr_line' id='line_1_19' title="bbox 214 2666 1624 2774; baseline -0.005 -22"><span class='ocrx_word' id='word_1_135' title='bbox 214 2669 391 2752; x_wconf 85' lang='lat' dir='ltr'>sufficiat</span> <span class='ocrx_word' id='word_1_136' title='bbox 424 2695 559 2750; x_wconf 76' lang='lat' dir='ltr'>rerunt</span> <span class='ocrx_word' id='word_1_137' title='bbox 593 2686 800 2774; x_wconf 83' lang='lat' dir='ltr'>gestarum</span> <span class='ocrx_word' id='word_1_138' title='bbox 824 2671 970 2753; x_wconf 78' lang='lat' dir='ltr'>scriem</span> <span class='ocrx_word' id='word_1_139' title='bbox 996 2696 1196 2750; x_wconf 82' lang='lat' dir='ltr'>omnrare.</span> <span class='ocrx_word' id='word_1_140' title='bbox 1231 2669 1375 2749; x_wconf 81' lang='lat' dir='ltr'>Cetera</span> <span class='ocrx_word' id='word_1_141' title='bbox 1397 2666 1624 2747; x_wconf 80' lang='lat' dir='ltr'>scribenda</span> 
     </span>
     <span class='ocr_line' id='line_1_20' title="bbox 216 2788 1625 2899; baseline -0.004 -27"><span class='ocrx_word' id='word_1_142' title='bbox 216 2791 281 2872; x_wconf 83' lang='lat' dir='ltr'>vel</span> <span class='ocrx_word' id='word_1_143' title='bbox 331 2791 531 2872; x_wconf 87' lang='lat' dir='ltr'>narranda</span> <span class='ocrx_word' id='word_1_144' title='bbox 574 2792 652 2875; x_wconf 91' lang='lat' dir='ltr'>illis</span> <span class='ocrx_word' id='word_1_145' title='bbox 685 2792 885 2899; x_wconf 85' lang='lat' dir='ltr'>relinquo,</span> <span class='ocrx_word' id='word_1_146' title='bbox 920 2793 989 2899; x_wconf 84' lang='lat' dir='ltr'>qui</span> <span class='ocrx_word' id='word_1_147' title='bbox 1034 2791 1153 2898; x_wconf 88' lang='lat' dir='ltr'>plura</span> <span class='ocrx_word' id='word_1_148' title='bbox 1194 2791 1341 2892; x_wconf 81' lang='lat' dir='ltr'>sciunt,</span> <span class='ocrx_word' id='word_1_149' title='bbox 1376 2814 1501 2896; x_wconf 88' lang='lat' dir='ltr'>qnam</span> <span class='ocrx_word' id='word_1_150' title='bbox 1553 2788 1625 2868; x_wconf 86' lang='lat' dir='ltr'>hio</span> 
     </span>
     <span class='ocr_line' id='line_1_21' title="bbox 212 2910 1621 3022; baseline -0.003 -26"><span class='ocrx_word' id='word_1_151' title='bbox 212 2914 364 3021; x_wconf 81' lang='lat' dir='ltr'>scripta</span> <span class='ocrx_word' id='word_1_152' title='bbox 396 2927 505 3016; x_wconf 80' lang='lat' dir='ltr'>srmt,</span> <span class='ocrx_word' id='word_1_153' title='bbox 540 2914 590 2994; x_wconf 90' lang='lat' dir='ltr'>de</span> <span class='ocrx_word' id='word_1_154' title='bbox 623 2915 747 3019; x_wconf 82' lang='lat' dir='ltr'>gestis</span> <span class='ocrx_word' id='word_1_155' title='bbox 782 2915 869 2996; x_wconf 87' lang='lat' dir='ltr'>eins</span> <span class='ocrx_word' id='word_1_156' title='bbox 901 2927 983 2994; x_wconf 92' lang='lat' dir='ltr'>tam</span> <span class='ocrx_word' id='word_1_157' title='bbox 1021 2914 1224 3022; x_wconf 90' lang='lat' dir='ltr'>prosperis</span> <span class='ocrx_word' id='word_1_158' title='bbox 1258 2939 1381 3019; x_wconf 89' lang='lat' dir='ltr'>quam</span> <span class='ocrx_word' id='word_1_159' title='bbox 1414 2910 1621 3013; x_wconf 62' lang='lat' dir='ltr'>aduersis</span> 
     </span>
     <span class='ocr_line' id='line_1_22' title="bbox 214 3036 710 3118; baseline -0.004 -1"><span class='ocrx_word' id='word_1_160' title='bbox 214 3037 393 3118; x_wconf 83' lang='lat' dir='ltr'>scribere</span> <span class='ocrx_word' id='word_1_161' title='bbox 426 3036 492 3117; x_wconf 81' lang='lat' dir='ltr'>vel</span> <span class='ocrx_word' id='word_1_162' title='bbox 524 3048 710 3118; x_wconf 86' lang='lat' dir='ltr'>tractare.</span> 
     </span>
    </p>
   </div>
   <div class='ocr_carea' id='block_1_3' title="bbox 220 3311 1628 3537">
    <p class='ocr_par' dir='ltr' id='par_1_3' title="bbox 220 3311 1628 3537">
     <span class='ocr_line' id='line_1_23' title="bbox 220 3311 1628 3415; baseline -0.001 -24"><span class='ocrx_word' id='word_1_163' title='bbox 220 3311 303 3406; x_wconf 80' lang='lat' dir='ltr'>(De</span> <span class='ocrx_word' id='word_1_164' title='bbox 345 3312 644 3415; x_wconf 79' lang='lat' dir='ltr'>requisitione</span> <span class='ocrx_word' id='word_1_165' title='bbox 685 3316 957 3393; x_wconf 79' lang='lat' dir='ltr'>venetorum</span> <span class='ocrx_word' id='word_1_166' title='bbox 996 3332 1081 3413; x_wconf 78' lang='lat' dir='ltr'>per</span> <span class='ocrx_word' id='word_1_167' title='bbox 1120 3333 1280 3414; x_wconf 73' lang='lat' dir='ltr'>regem</span> <span class='ocrx_word' id='word_1_168' title='bbox 1312 3312 1440 3391; x_wconf 79' lang='lat' dir='ltr'>t‘aota</span> <span class='ocrx_word' id='word_1_169' title='bbox 1477 3329 1628 3410; x_wconf 74' lang='lat' dir='ltr'>super</span> 
     </span>
     <span class='ocr_line' id='line_1_24' title="bbox 541 3432 1292 3537; baseline -0.003 -23"><span class='ocrx_word' id='word_1_170' title='bbox 541 3432 825 3516; x_wconf 69' lang='lat' dir='ltr'>restituendo</span> <span class='ocrx_word' id='word_1_171' title='bbox 852 3455 998 3537; x_wconf 73' lang='lat' dir='ltr'>regno</span> <span class='ocrx_word' id='word_1_172' title='bbox 1025 3434 1292 3527; x_wconf 78' lang='lat' dir='ltr'>Dalmaoie.)</span> 
     </span>
    </p>
   </div>
   <div class='ocr_carea' id='block_1_4' title="bbox 216 3627 1629 4959">
    <p class='ocr_par' dir='ltr' id='par_1_4' title="bbox 216 3627 1629 4959">
     <span class='ocr_line' id='line_1_25' title="bbox 376 3627 1625 3739; baseline -0.001 -29"><span class='ocrx_word' id='word_1_173' title='bbox 376 3629 473 3711; x_wconf 82' lang='lat'>194.</span> <span class='ocrx_word' id='word_1_174' title='bbox 507 3630 594 3739; x_wconf 76' lang='lat' dir='ltr'>Hys</span> <span class='ocrx_word' id='word_1_175' title='bbox 637 3631 776 3736; x_wconf 86' lang='lat' dir='ltr'>itaque</span> <span class='ocrx_word' id='word_1_176' title='bbox 817 3630 941 3735; x_wconf 84' lang='lat' dir='ltr'>gestis</span> <span class='ocrx_word' id='word_1_177' title='bbox 984 3630 1210 3737; x_wconf 82' lang='lat' dir='ltr'>expeditis,</span> <span class='ocrx_word' id='word_1_178' title='bbox 1259 3630 1308 3710; x_wconf 91' lang='lat' dir='ltr'>ad</span> <span class='ocrx_word' id='word_1_179' title='bbox 1359 3627 1625 3735; x_wconf 86' lang='lat' dir='ltr'>propositum</span> 
     </span>
     <span class='ocr_line' id='line_1_26' title="bbox 216 3751 1627 3860; baseline 0.001 -28"><span class='ocrx_word' id='word_1_180' title='bbox 216 3754 335 3860; x_wconf 86' lang='lat' dir='ltr'>cepte</span> <span class='ocrx_word' id='word_1_181' title='bbox 364 3752 535 3832; x_wconf 88' lang='lat' dir='ltr'>materie</span> <span class='ocrx_word' id='word_1_182' title='bbox 563 3753 614 3832; x_wconf 89' lang='lat' dir='ltr'>de</span> <span class='ocrx_word' id='word_1_183' title='bbox 639 3778 764 3857; x_wconf 77' lang='lat' dir='ltr'>regno</span> <span class='ocrx_word' id='word_1_184' title='bbox 787 3751 1000 3833; x_wconf 86' lang='lat' dir='ltr'>Dalmaoie</span> <span class='ocrx_word' id='word_1_185' title='bbox 1023 3768 1064 3834; x_wconf 88' lang='lat' dir='ltr'>et</span> <span class='ocrx_word' id='word_1_186' title='bbox 1084 3753 1298 3833; x_wconf 81' lang='lat' dir='ltr'>ciuitatum</span> <span class='ocrx_word' id='word_1_187' title='bbox 1319 3751 1627 3833; x_wconf 87' lang='lat' dir='ltr'>maritimarum</span> 
     </span>
     <span class='ocr_line' id='line_1_27' title="bbox 216 3872 1625 3981; baseline 0.002 -27"><span class='ocrx_word' id='word_1_188' title='bbox 216 3887 278 3956; x_wconf 87' lang='lat' dir='ltr'>est</span> <span class='ocrx_word' id='word_1_189' title='bbox 325 3874 556 3956; x_wconf 86' lang='lat' dir='ltr'>necessario</span> <span class='ocrx_word' id='word_1_190' title='bbox 606 3875 876 3957; x_wconf 86' lang='lat' dir='ltr'>redeundum.</span> <span class='ocrx_word' id='word_1_191' title='bbox 924 3873 1030 3956; x_wconf 85' lang='lat' dir='ltr'>Cum</span> <span class='ocrx_word' id='word_1_192' title='bbox 1079 3875 1187 3955; x_wconf 87' lang='lat' dir='ltr'>enim</span> <span class='ocrx_word' id='word_1_193' title='bbox 1239 3901 1310 3954; x_wconf 84' lang='lat' dir='ltr'>rex</span> <span class='ocrx_word' id='word_1_194' title='bbox 1360 3872 1625 3981; x_wconf 83' lang='lat' dir='ltr'>principatus</span> 
     </span>
     <span class='ocr_line' id='line_1_28' title="bbox 216 3996 1628 4101; baseline 0.001 -24"><span class='ocrx_word' id='word_1_195' title='bbox 216 4010 381 4078; x_wconf 87' lang='lat' dir='ltr'>tenutas</span> <span class='ocrx_word' id='word_1_196' title='bbox 415 4010 456 4078; x_wconf 92' lang='lat' dir='ltr'>et</span> <span class='ocrx_word' id='word_1_197' title='bbox 488 3997 669 4078; x_wconf 89' lang='lat' dir='ltr'>dominia</span> <span class='ocrx_word' id='word_1_198' title='bbox 700 3997 813 4101; x_wconf 81' lang='lat' dir='ltr'>regni</span> <span class='ocrx_word' id='word_1_199' title='bbox 847 3998 908 4079; x_wconf 90' lang='lat' dir='ltr'>sni</span> <span class='ocrx_word' id='word_1_200' title='bbox 943 4025 1056 4080; x_wconf 87' lang='lat' dir='ltr'>sacre</span> <span class='ocrx_word' id='word_1_201' title='bbox 1090 4023 1238 4079; x_wconf 87' lang='lat' dir='ltr'>corone</span> <span class='ocrx_word' id='word_1_202' title='bbox 1272 3997 1459 4078; x_wconf 81' lang='lat' dir='ltr'>subiecta</span> <span class='ocrx_word' id='word_1_203' title='bbox 1492 3996 1628 4079; x_wconf 90' lang='lat' dir='ltr'>vellet</span> 
     </span>
     <span class='ocr_line' id='line_1_29' title="bbox 219 4119 1629 4228; baseline 0.001 -30"><span class='ocrx_word' id='word_1_204' title='bbox 219 4145 488 4222; x_wconf 82' lang='lat' dir='ltr'>conseruare,</span> <span class='ocrx_word' id='word_1_205' title='bbox 537 4132 578 4199; x_wconf 86' lang='lat' dir='ltr'>et</span> <span class='ocrx_word' id='word_1_206' title='bbox 619 4135 816 4226; x_wconf 82' lang='lat' dir='ltr'>usurpata</span> <span class='ocrx_word' id='word_1_207' title='bbox 857 4119 906 4200; x_wconf 89' lang='lat' dir='ltr'>ad</span> <span class='ocrx_word' id='word_1_208' title='bbox 949 4133 1101 4202; x_wconf 91' lang='lat' dir='ltr'>statum</span> <span class='ocrx_word' id='word_1_209' title='bbox 1145 4120 1361 4228; x_wconf 84' lang='lat' dir='ltr'>pristinum</span> <span class='ocrx_word' id='word_1_210' title='bbox 1401 4143 1629 4222; x_wconf 83' lang='lat' dir='ltr'>reuocare3</span> 
     </span>
     <span class='ocr_line' id='line_1_30' title="bbox 218 4238 1628 4348; baseline 0.001 -26"><span class='ocrx_word' id='word_1_211' title='bbox 218 4241 404 4323; x_wconf 83' lang='lat' dir='ltr'>inclitum</span> <span class='ocrx_word' id='word_1_212' title='bbox 440 4241 667 4348; x_wconf 87' lang='lat' dir='ltr'>principem</span> <span class='ocrx_word' id='word_1_213' title='bbox 703 4241 912 4321; x_wconf 79' lang='lat' dir='ltr'>Arrtlream</span> <span class='ocrx_word' id='word_1_214' title='bbox 946 4240 1139 4322; x_wconf 86' lang='lat' dir='ltr'>Dandnlo</span> <span class='ocrx_word' id='word_1_215' title='bbox 1173 4256 1213 4322; x_wconf 88' lang='lat' dir='ltr'>ct</span> <span class='ocrx_word' id='word_1_216' title='bbox 1242 4238 1628 4323; x_wconf 84' lang='lat' dir='ltr'>connntmeVenc·</span> 
     </span>
     <span class='ocr_line' id='line_1_31' title="bbox 220 4362 1628 4470; baseline 0.001 -25"><span class='ocrx_word' id='word_1_217' title='bbox 220 4364 373 4445; x_wconf 89' lang='lat' dir='ltr'>ciamm</span> <span class='ocrx_word' id='word_1_218' title='bbox 401 4391 476 4470; x_wconf 85' lang='lat' dir='ltr'>per</span> <span class='ocrx_word' id='word_1_219' title='bbox 502 4362 749 4444; x_wconf 88' lang='lat' dir='ltr'>ambasiatas</span> <span class='ocrx_word' id='word_1_220' title='bbox 772 4362 978 4443; x_wconf 85' lang='lat' dir='ltr'>solemnes</span> <span class='ocrx_word' id='word_1_221' title='bbox 1000 4362 1137 4445; x_wconf 82' lang='lat' dir='ltr'>literas</span> <span class='ocrx_word' id='word_1_222' title='bbox 1161 4381 1201 4444; x_wconf 86' lang='lat' dir='ltr'>ct</span> <span class='ocrx_word' id='word_1_223' title='bbox 1222 4363 1394 4444; x_wconf 83' lang='lat' dir='ltr'>rnrncios</span> <span class='ocrx_word' id='word_1_224' title='bbox 1417 4362 1628 4468; x_wconf 84' lang='lat' dir='ltr'>speciales</span> 
     </span>
     <span class='ocr_line' id='line_1_32' title="bbox 219 4483 1626 4593; baseline 0.002 -27"><span class='ocrx_word' id='word_1_225' title='bbox 219 4486 374 4593; x_wconf 87' lang='lat' dir='ltr'>pluries</span> <span class='ocrx_word' id='word_1_226' title='bbox 397 4499 444 4566; x_wconf 87' lang='lat' dir='ltr'>nt</span> <span class='ocrx_word' id='word_1_227' title='bbox 465 4485 578 4592; x_wconf 87' lang='lat' dir='ltr'>pacis</span> <span class='ocrx_word' id='word_1_228' title='bbox 601 4483 751 4564; x_wconf 87' lang='lat' dir='ltr'>zelator</span> <span class='ocrx_word' id='word_1_229' title='bbox 772 4484 988 4589; x_wconf 84' lang='lat' dir='ltr'>requisinit</span> <span class='ocrx_word' id='word_1_230' title='bbox 1009 4500 1050 4564; x_wconf 91' lang='lat' dir='ltr'>et</span> <span class='ocrx_word' id='word_1_231' title='bbox 1070 4487 1231 4565; x_wconf 86' lang='lat' dir='ltr'>momrit</span> <span class='ocrx_word' id='word_1_232' title='bbox 1247 4486 1297 4566; x_wconf 91' lang='lat' dir='ltr'>ad</span> <span class='ocrx_word' id='word_1_233' title='bbox 1319 4485 1626 4569; x_wconf 87' lang='lat' dir='ltr'>restituendum</span> 
     </span>
     <span class='ocr_line' id='line_1_33' title="bbox 219 4604 1625 4712; baseline 0.002 -23"><span class='ocrx_word' id='word_1_234' title='bbox 219 4608 295 4689; x_wconf 89' lang='lat' dir='ltr'>sibi</span> <span class='ocrx_word' id='word_1_235' title='bbox 331 4620 371 4687; x_wconf 89' lang='lat' dir='ltr'>et</span> <span class='ocrx_word' id='word_1_236' title='bbox 402 4633 516 4688; x_wconf 86' lang='lat' dir='ltr'>sacre</span> <span class='ocrx_word' id='word_1_237' title='bbox 556 4631 704 4686; x_wconf 88' lang='lat' dir='ltr'>corono</span> <span class='ocrx_word' id='word_1_238' title='bbox 742 4632 913 4710; x_wconf 82' lang='lat' dir='ltr'>regmrm</span> <span class='ocrx_word' id='word_1_239' title='bbox 957 4604 1170 4687; x_wconf 81' lang='lat' dir='ltr'>Dalmaoio</span> <span class='ocrx_word' id='word_1_240' title='bbox 1212 4608 1250 4686; x_wconf 91' lang='lat' dir='ltr'>in</span> <span class='ocrx_word' id='word_1_241' title='bbox 1296 4633 1447 4710; x_wconf 83' lang='lat' dir='ltr'>magna</span> <span class='ocrx_word' id='word_1_242' title='bbox 1489 4622 1625 4712; x_wconf 88' lang='lat' dir='ltr'>parte,</span> 
     </span>
     <span class='ocr_line' id='line_1_34' title="bbox 218 4726 1625 4836; baseline 0.006 -29"><span class='ocrx_word' id='word_1_243' title='bbox 218 4727 400 4810; x_wconf 57' lang='lat' dir='ltr'>‹ladriam</span> <span class='ocrx_word' id='word_1_244' title='bbox 436 4740 476 4807; x_wconf 91' lang='lat' dir='ltr'>et</span> <span class='ocrx_word' id='word_1_245' title='bbox 508 4727 696 4810; x_wconf 75' lang='lat' dir='ltr'>ciuitates</span> <span class='ocrx_word' id='word_1_246' title='bbox 728 4727 953 4807; x_wconf 86' lang='lat' dir='ltr'>maritimas</span> <span class='ocrx_word' id='word_1_247' title='bbox 985 4726 1024 4807; x_wconf 91' lang='lat' dir='ltr'>in</span> <span class='ocrx_word' id='word_1_248' title='bbox 1060 4743 1144 4810; x_wconf 92' lang='lat' dir='ltr'>toto</span> <span class='ocrx_word' id='word_1_249' title='bbox 1168 4758 1238 4836; x_wconf 85' lang='lat' dir='ltr'>per</span> <span class='ocrx_word' id='word_1_250' title='bbox 1261 4729 1371 4834; x_wconf 90' lang='lat' dir='ltr'>ipsos</span> <span class='ocrx_word' id='word_1_251' title='bbox 1395 4744 1625 4836; x_wconf 84' lang='lat' dir='ltr'>occupatas</span> 
     </span>
     <span class='ocr_line' id='line_1_35' title="bbox 220 4848 1624 4959; baseline 0.006 -28"><span class='ocrx_word' id='word_1_252' title='bbox 220 4863 262 4931; x_wconf 89' lang='lat' dir='ltr'>et</span> <span class='ocrx_word' id='word_1_253' title='bbox 293 4851 493 4931; x_wconf 87' lang='lat' dir='ltr'>detentas.</span> <span class='ocrx_word' id='word_1_254' title='bbox 526 4848 605 4946; x_wconf 82' lang='lat' dir='ltr'>Qui</span> <span class='ocrx_word' id='word_1_255' title='bbox 638 4849 805 4959; x_wconf 84' lang='lat' dir='ltr'>quidem</span> <span class='ocrx_word' id='word_1_256' title='bbox 839 4848 1031 4932; x_wconf 88' lang='lat' dir='ltr'>dominus</span> <span class='ocrx_word' id='word_1_257' title='bbox 1064 4849 1149 4932; x_wconf 79' lang='lat' dir='ltr'>dux</span> <span class='ocrx_word' id='word_1_258' title='bbox 1185 4863 1463 4941; x_wconf 82' lang='lat' dir='ltr'>etoommtme</span> <span class='ocrx_word' id='word_1_259' title='bbox 1482 4849 1624 4943; x_wconf 79' lang='lat' dir='ltr'>Vene-</span> 
     </span>
    </p>
   </div>
   <div class='ocr_carea' id='block_1_5' title="bbox 0 0 1849 5506">
    <p class='ocr_par' dir='ltr' id='par_1_5' title="bbox 0 0 1849 5506">
     <span class='ocr_line' id='line_1_36' title="bbox 0 0 1849 5506; baseline 0 0"><span class='ocrx_word' id='word_1_260' title='bbox 0 0 1849 5506; x_wconf 95' lang='lat' dir='ltr'> </span> 
     </span>
    </p>
   </div>
  </div>
 </body>
</html>
