3660 5506
832 337 988 442 *92-

209 551 333 639 trauit
384 552 427 637 in
476 553 744 665 Hungariam.
798 558 1055 642 Alimentum
1110 585 1208 640 vero
1260 558 1312 641 ad
1369 587 1493 642 usum
1546 558 1609 643 sui

209 676 416 761 exercitus
458 680 521 762 sui
566 678 761 761 habunde
805 681 970 788 nauigio
1011 682 1221 764 ferebatur
1252 681 1293 763 in
1327 679 1534 784 Danubio,
1569 696 1612 762 et

207 801 288 882 alia
328 801 562 885 necessaria
607 801 773 910 copiose
785 799 828 908 ¹).
876 799 1023 909 Cum²)
1066 802 1248 886 venisset
1291 803 1515 910 imperator
1557 805 1610 885 ad

206 923 362 1008 flumen
395 919 524 1031 Vag³)
558 923 752 1006 Salomon
792 926 974 1034 acceptis
1015 926 1148 1007 tribus
1180 925 1414 1031 agminibus
1447 926 1612 1033 equita·

206 1046 268 1129 uit
299 1044 352 1127 de
383 1040 564 1153 Semta)
597 1073 723 1154 super
761 1046 946 1129 Nitriam.
994 1046 1208 1130 Exeuntes
1255 1036 1396 1130 autem
1429 1047 1610 1132 iuuenes

208 1167 484 1275 confligebant
514 1194 671 1270 secum,
694 1196 805 1250 nunc
829 1170 904 1278 hys
927 1197 1040 1252 nunc
1063 1170 1141 1251 illis
1172 1169 1426 1274 fugientibus
1460 1184 1503 1252 et
1535 1171 1611 1255 diu

206 1290 296 1374 sine
327 1291 500 1374 vnlnere
533 1291 798 1373 certantibus.
833 1290 949 1399 Opus
983 1292 1100 1373 miles
1143 1291 1300 1374 electus
1334 1319 1385 1373 ex
1423 1293 1609 1396 milibus

207 1413 357 1497 sedens
389 1440 515 1522 super
546 1413 801 1495 dextrarium
835 1441 958 1497 sumn
994 1412 1107 1495 irruit
1140 1408 1220 1520 in⁵)
1264 1427 1422 1521 portam
1457 1415 1614 1498 ciuita-

205 1535 258 1619 tis
291 1547 333 1619 et
373 1565 507 1620 unum
549 1536 600 1618 de
641 1537 923 1644 pugnantibus
963 1534 1212 1618 fulminauit.
1246 1534 1470 1619 Nitrienses
1506 1565 1613 1620 vero

208 1659 260 1739 de
301 1671 432 1740 morte
472 1685 571 1768 socy
603 1658 666 1740 sui
707 1659 860 1740 turbati
900 1658 1047 1740 acriter
1089 1657 1365 1763 ingemebant
1400 1660 1439 1740 in
1486 1659 1614 1769 Opus

207 1781 435 1865 iaculantes
467 1768 633 1864 lanceas
666 1781 921 1863 dextrarium
954 1782 1042 1863 eius
1076 1780 1383 1863 iuterfecerunt.
1403 1781 1497 1889 lpse
1532 1812 1614 1867 au·

207 1916 292 1986 tem
324 1905 482 1987 fortiter
514 1904 572 1987 eis
604 1904 798 1985 resistens
834 1904 976 1986 illesus
1018 1903 1160 1986 euasit.
1198 1903 1298 1984 [nde
1333 1931 1429 2009 ergo
1463 1931 1614 1988 rener-

207 2037 343 2110 tentes
375 2026 574 2110 teutonici
605 2027 828 2108 narrabant
861 2025 1094 2135 imperatori
1127 2022 1385 2132 audaciam⁶)
1421 2025 1542 2134 Opus
1570 2045 1617 2110 et

207 2148 491 2233 incredibilem
534 2149 622 2231 eius
665 2148 900 2256 potenciam
939 2149 980 2230 in
1012 2148 1153 2257 prelia.
1190 2147 1419 2254 Imperator
1462 2163 1616 2233 autern

208 2271 405 2355 accersito
449 2298 497 2353 eo
540 2266 740 2378 magnis⁷)
784 2270 976 2353 laudibus
1020 2270 1340 2373 commendauit,
1383 2284 1424 2352 et
1467 2273 1615 2357 verbis

208 2392 401 2478 dulcibus
433 2393 688 2500 gratificauit.
718 2392 908 2489 Quesinit
940 2392 1080 2501 itaque
1113 2419 1137 2472 a
1169 2391 1390 2474 Salomone
1421 2395 1455 2477 si
1493 2398 1616 2502 apud

208 2515 387 2624 Geysam
422 2531 463 2598 et
494 2516 731 2599 Ladislaum
765 2528 904 2599 essent
938 2516 1055 2598 multi
1088 2528 1173 2596 tam
1206 2515 1304 2597 boni
1338 2515 1501 2598 milites.
1533 2517 1614 2600 Sa-

207 2637 348 2721 lomon
381 2651 521 2721 autem
555 2637 774 2721 intendens
818 2638 987 2720 laudare
1031 2638 1236 2743 hungaros
1268 2637 1507 2720 immediate
1543 2668 1614 2722 re·

210 2761 395 2868 spondit:
428 2760 549 2843 Multi
580 2776 689 2863 sunt,
722 2760 926 2870 inquiens,
960 2761 1090 2842 eciam
1126 2760 1256 2842 multo
1291 2761 1491 2843 meliores.
1529 2761 1613 2845 Cui

210 2881 449 2992 imperator:
478 2881 519 2977 Si
546 2883 604 2965 ita
629 2897 702 2985 est
729 2884 881 2966 talibus
907 2883 1106 2966 militibus
1126 2883 1246 2988 (43a)
1281 2885 1617 2991 repugnantibus

209 3031 294 3087 non
325 3006 589 3115 recuperabis
623 3033 808 3112 reguum.
841 3005 929 3087 Rex
972 3008 1111 3087 autem
1146 3005 1282 3112 Geysa
1323 3005 1494 3088 audiens
1530 3007 1615 3089 im-

209 3141 443 3235 peratorem
475 3129 715 3237 peruenisse
736 3126 923 3210 Waciam
956 3128 1149 3235 prudenti
1181 3154 1281 3210 usus
1315 3127 1486 3210 consilio
1521 3130 1615 3213 ins·

210 3251 262 3332 sit
293 3262 539 3360 attemptare
573 3265 615 3332 et
646 3250 883 3333 demulcere
925 3250 1199 3358 patriarcham
1241 3250 1615 3357 acquilegiensem‚

210 3372 328 3455 cuius
361 3369 580 3483 consilys⁸)
613 3375 835 3482 imperator
866 3368 1134 3481 plurimum⁹)
1155 3367 1617 3480 ascultabat¹⁰)‚simut

210 3495 341 3577 eciam
374 3522 518 3579 omnes
551 3496 678 3577 duces
712 3497 1031 3596 teutonicormn3
1065 3495 1308 3603 promittens
1340 3494 1398 3577 eis
1432 3496 1615 3581 multam

209 3618 429 3725 pecuniam
462 3618 496 3700 si
528 3618 817 3726 imperatorem
850 3619 1000 3700 reuerti
1040 3618 1233 3699 facerent.
1269 3616 1500 3700 Patriarcha
1534 3621 1616 3728 igi·

209 3752 276 3821 tur
308 3753 349 3821 et
380 3740 508 3823 duces
528 3740 770 3823 muneribus
802 3736 1003 3847 allecti¹¹)
1026 3753 1066 3820 et
1098 3766 1198 3823 auro
1224 3739 1334 3847 capti
1366 3742 1619 3846 satagebant

208 3889 328 3970 varys
361 3861 565 3968 figmentis
597 3863 793 3944 inducere
825 3864 1115 3970 imperatorem
1146 3875 1191 3945 ut
1220 3874 1505 3946 reuerteretur.
1532 3865 1617 3948 Pa-

210 3984 384 4065 triarcha
417 3985 527 4065 enim
559 3980 714 4091 fixit¹²)
747 4013 791 4066 se
825 3986 974 4067 vidisse
1007 3986 1257 4092 sompnium,
1292 3985 1410 4067 cuius
1442 3987 1617 4072 coniec-

209 4121 301 4190 tura
342 4106 675 4189 manifestissime
719 4120 852 4188 totmn
896 4109 1123 4189 exercitum
1169 4107 1424 4215 imperatoris
1466 4109 1619 4196 diuina

208 4229 373 4311 ulcione
414 4228 664 4336 periturum,
707 4229 782 4311 nisi
826 4230 1082 4336 quamcioius
1119 4243 1410 4334 reuerteretur,
1452 4233 1526 4313 sed
1574 4250 1618 4317 et

209 4438 416 4448 ——--——

368 4521 393 4607 ι)
431 4529 465 4597 et
497 4568 541 4578 -
571 4525 705 4618 oopisse
733 4545 797 4599 om.
839 4521 865 4608 ²)
899 4549 1050 4620 cunique.
1091 4524 1117 4607 ³)
1152 4527 1280 4622 Wagh.
1311 4525 1352 4602 Α.
1394 4522 1420 4604 ⁴)
1453 4526 1614 4625 Sentpte.

209 4631 279 4704 VP.
308 4631 449 4725 Sympte
478 4629 513 4704 S.
544 4630 671 4722 Symte.
693 4630 739 4705 A.
771 4625 798 4711 ὁ)
822 4654 934 4725 super.
967 4628 992 4710 6)
1017 4632 1135 4706 audac.
1156 4632 1366 4727 imperatori.
1389 4635 1435 4710 A.
1467 4627 1493 4714 ⁷)
1518 4656 1614 4714 enm.

209 4729 524 4924 ppdfiljpipmltum.
564 4733 639 4815 add.
680 4734 714 4808 S.
754 4728 781 4817 ⁹)
814 4758 879 4812 0111.
919 4736 955 4813 S.
999 4734 1039 4821 ¹⁰)
1069 4737 1294 4814 auscultabat.
1333 4742 1373 4819 B.
1417 4734 1458 4824 ¹¹)
1486 4739 1614 4824 illecti.
