3592 5490
818 362 972 459 ..tto-

193 568 407 651 Jolrannes
440 572 685 682 deHunyad
719 576 760 656 in
793 577 1112 681 gubernatorem
1146 581 1302 663 electus
1336 600 1408 683 est,
1439 602 1480 664 et
1506 587 1605 691 plu·

193 691 308 773 ribus
356 694 476 773 annis
523 723 696 801 reguum
746 699 942 780 decenter
987 728 1035 779 ae
1078 703 1293 807 magnifiee
1335 707 1602 809 gubernavit.

194 812 269 895 His
317 817 574 922 temporibus
622 818 852 902 Fridericus
901 848 1163 903 romanorum
1213 853 1306 928 rex,
1358 856 1453 910 eum
1506 858 1605 933 rege

196 936 397 1036 Ladislao,
431 967 479 1018 ae
515 939 685 1021 Alberto
719 942 825 1024 duoe
851 944 1040 1025 Austriae
1074 945 1195 1025 tratre
1229 974 1304 1030 suo
1341 976 1414 1055 pro
1447 976 1602 1030 corona

196 1058 400 1164 imperiali
443 1062 706 1168 suscipienda
747 1064 921 1145 Romam
966 1067 1166 1172 perrexit,
1211 1088 1252 1148 et
1294 1071 1334 1149 in
1379 1071 1515 1152 reditu
1566 1074 1605 1151 in

197 1178 356 1260 Noram
407 1182 616 1266 civitatem
665 1187 879 1268 australes
927 1189 1203 1269 nonrmuniter
1249 1192 1301 1272 ab
1355 1192 1606 1298 imperatore

201 1303 460 1409 praedictum
495 1306 887 1413 regemLadislaum
922 1310 1228 1391 exercitualiter
1259 1314 1475 1394 venientes
1511 1342 1606 1420 pos·

90 1437 93 1441 ’
202 1424 459 1529 tularerunt,
494 1456 620 1535 quem
654 1430 788 1509 dietus
821 1430 1043 1536 imperator
1075 1433 1133 1513 eis
1166 1434 1342 1519 tradidit.
1380 1434 1413 1517 O
1446 1438 1606 1517 utinam

192 1547 316 1629 istam
353 1550 697 1654 postulationem
736 1578 950 1657 nunquam
997 1554 1319 1658 excogitassent!
1354 1556 1500 1639 Postea
1534 1586 1607 1655 gu-

75 1672 80 1683 ’
193 1676 389 1757 bernatm·
421 1674 666 1781 Hungame
701 1676 886 1757 Ladislao
920 1702 1091 1778 mgnum
1131 1677 1362 1780 resignarit.
1407 1680 1486 1773 out
1533 1709 1603 1760 rex

194 1801 330 1879 varios
374 1798 633 1883 eonsiliarios
678 1798 843 1896 habuit,
893 1796 1054 1903 propria
1089 1800 1308 1878 commoda
1341 1824 1605 1904 quaerentes,

196 1948 335 2025 regem
371 1923 419 2001 ad
455 1922 698 2004 Bobemiam
734 1948 806 2026 pro
840 1919 1101 1998 coronatione
1141 1938 1373 2025 pmtantes,
1423 1940 1463 2001 et
1507 1923 1603 2004 bine

198 2043 294 2123 inde
327 2043 540 2145 (biremes,
575 2046 743 2126 tandem
778 2041 827 2120 ad
863 2039 1113 2145 Hungariam
1149 2069 1243 2123 eum
1279 2070 1400 2123 erum
1434 2045 1602 2148 signatis

167 2192 332 2271 nsque
359 2166 397 2245 in
417 2166 722 2249 Nandoralbam
757 2164 1022 2263 deducentes
1055 2164 1126 2243 sed
1162 2163 1218 2242 nil
1251 2165 1350 2243 utile
1386 2167 1602 2271 pridieien-

194 2304 280 2381 tes,
326 2305 366 2367 et
408 2289 556 2370 iterum
601 2291 651 2369 ad
696 2288 864 2391 I'ragam
908 2284 1163 2365 reducentes,
1201 2284 1279 2365 Ubi
1313 2288 1449 2367 subita
1484 2308 1601 2394 peste

192 2408 375 2489 int'eetus
409 2412 534 2491 ritam
570 2408 839 2517 temporalem
872 2406 1045 2486 feliciter
1077 2408 1311 2486 termimnit
1344 2435 1451 2487 anno
1494 2411 1601 2489 ritae

194 2556 296 2611 suae
341 2551 381 2610 et
430 2533 704 2613 errronationis
751 2530 861 2610 18-0.
908 2527 958 2606 Et
1000 2528 1188 2634 sepultus
1236 2530 1346 2634 apud
1395 2558 1598 2635 proavum

190 2680 314 2733 suum
352 2652 545 2735 Carolum
579 2656 868 2761 imperatorem
905 2650 943 2728 in
979 2668 1110 2729 rastro
1143 2649 1334 2755 Pragensi
1375 2678 1483 2731 anno
1525 2654 1599 2733 do-

197 2775 300 2853 mini
338 2772 453 2857 1457
489 2778 527 2855 in
563 2776 629 2856 die
662 2774 791 2856 satuti
826 2770 1063 2852 Clementis.
1096 2770 1229 2853 Huius
1264 2774 1385 2852 etiam
1409 2795 1598 2880 tempore

196 2914 387 2977 nupturis
419 2899 497 2978 tuit
529 2898 671 2979 Frater
700 2896 913 2975 ..lohannes
946 2893 997 2972 de
1030 2891 1271 2999 Capistrauo
1315 2894 1478 2975 Ordinis
1525 2895 1601 2976 Mi-

195 3043 344 3099 norum
379 3020 430 3099 de
475 3018 769 3117 Obseruantia,
813 3014 1070 3121 praedicator
1103 3014 1140 3092 in
1176 3014 1336 3096 dit-'ersa
1368 3044 1493 3121 regna
1528 3047 1603 3124 per

195 3139 414 3221 Nicolaum
434 3140 562 3222 V-un
598 3142 761 3239 missus,
795 3156 835 3217 et
867 3162 941 3243 per
973 3138 1276 3216 inroeationem
1303 3138 1479 3219 nominis
1496 3138 1599 3221 deso

197 3260 359 3357 (Iltirsti,
394 3282 434 3341 et
467 3264 596 3343 sam-ti
630 3259 899 3343 Bernhardini
934 3258 1049 3339 multi
1083 3260 1214 3338 sanati
1248 3277 1356 3343 sunt.

356 3383 451 3466 Post
486 3404 660 3465 mortem
679 3382 856 3465 Ladislai
889 3380 1058 3487 praelati
1094 3398 1135 3457 et
1171 3381 1343 3459 barones
1366 3408 1461 3459 eum
1484 3408 1600 3462 eom·

193 3505 396 3585 munitate
429 3508 541 3611 regni
562 3506 701 3587 Budae
736 3504 967 3605 oorrgregati
1003 3500 1246 3581 Miehaelem
1280 3503 1330 3582 de
1367 3500 1518 3609 Sylagy
1554 3506 1594 3583 in

196 3628 515 3731 gubermrtorem
551 3628 775 3733 elegerunt,
810 3645 850 3705 et
881 3622 1077 3704 Mathiam
1110 3622 1311 3705 dolrannis
1343 3624 1393 3703 de
1425 3621 1594 3705 Huniad

105 3784 108 3789 ¹
196 3750 357 3829 eonritis
391 3751 663 3831 Bistrieiensis
696 3748 905 3855 quondam
932 3745 1216 3849 gubernatoris
1245 3745 1387 3844 tilium,
1420 3746 1490 3850 qui
1525 3747 1599 3825 de-

194 3890 334 3952 tentus
372 3871 525 3975 Pragae
575 3874 674 3963 tuit,
716 3870 825 3976 apud
867 3867 1087 3971 Georgium
1128 3868 1306 3948 eleetum
1347 3894 1484 3970 regem
1516 3868 1597 3949 Bo-

191 3990 369 4093 hemiae
395 3996 432 4073 in
458 4020 596 4098 regem
619 3992 854 4097 Hungariae
876 3990 1099 4093 elegerunt,
1132 3990 1171 4067 in
1205 3997 1382 4095 profesto
1412 3988 1597 4069 Comer-

191 4114 319 4195 sionis
353 4118 483 4196 saneti
520 4115 633 4195 Pauli
664 4141 773 4194 anno
806 4112 959 4192 domini
993 4112 1120 4191 1458.
1156 4110 1285 4190 Parro
1316 4110 1455 4217 elapso
1489 4130 1596 4191 tem·

189 4262 289 4341 pore
328 4238 562 4342 praedictus
604 4238 855 4342 gubernator
896 4263 948 4312 ex
997 4233 1190 4313 instinrtu
1240 4232 1499 4337 quorumlam
1554 4234 1593 4312 in

186 4360 475 4463 captivitatem
513 4360 667 4464 regiam
699 4376 761 4439 est
777 4371 981 4461 receptus,
999 4354 1111 4434 unde
1131 4354 1269 4434 saltus
1293 4354 1432 4433 exirit.
1457 4352 1594 4433 Medio

187 4497 375 4586 tempore
421 4482 548 4586 alitpri
587 4509 640 4560 ex
685 4478 910 4586 potioribus
960 4476 1072 4579 regni
1121 4474 1331 4579 Hungarie
1376 4476 1592 4556 dominum

191 4600 445 4683 Friderirum
489 4603 776 4709 imperatorem
814 4624 1079 4679 romamnmn
1115 4597 1154 4674 in
1183 4623 1322 4701 regem
1356 4595 1593 4701 Hungariae.

189 4724 422 4829 elegerunt.¹
458 4727 528 4831 qni
558 4750 717 4805 sacram
745 4746 937 4801 eoronam
965 4719 1078 4823 regni
1110 4716 1345 4823 Hungariae
1381 4720 1421 4798 in
1453 4737 1591 4825 potes-

188 4862 272 4925 tate
301 4848 488 4953 pluribns
514 4847 633 4927 amris
659 4844 814 4945 babuit,
844 4859 886 4922 et
913 4840 1049 4921 adhue
1076 4858 1200 4920 tenet.

837 4990 941 4999 ..—

682 5004 1097 5029 ...-.—..--..—..

838 5032 940 5041 ,..,-..

570 5106 573 5110 ¹
585 5104 803 5187 Quinam-reitesta
817 5136 877 5175 tau.
890 5102 958 5185 'fppia
967 5102 1088 5175 tritium
1100 5102 1174 5171 ritu.
