3660 5506
857 356 1013 457 ffl-

438 574 441 583 '
538 568 622 664 (De
650 567 919 650 obtonoione
946 566 1091 648 oeetri
1118 563 1332 661 Genoeii)

392 795 489 880 187.
524 799 790 880 Postmodum
824 827 910 903 ren,
930 799 1058 906 quiin
1093 824 1289 905 processu
1325 797 1640 880 exereitussin·

231 921 338 1026 gulis
373 921 520 1003 diebus
561 921 808 1027 oontiuuatis
853 923 957 1002 inter
999 934 1186 1003 cateruas
1229 920 1403 1002 militum
1439 919 1478 999 in
1515 921 1644 1002 aunis

232 1041 416 1150 equitare
444 1044 614 1143 solebat,
638 1044 804 1124 admoto
839 1043 1025 1124 exercitu
1059 1057 1237 1124 castrum
1273 1042 1434 1150 Cauosy
1462 1043 1643 1146 obsedit,

232 1178 273 1246 et
306 1166 586 1273 expugnando
629 1166 818 1267 obtinuit,
852 1167 918 1247 vel
964 1164 1100 1272 potius
1144 1165 1408 1246 restituendo.
1444 1162 1525 1245 Sed
1563 1165 1645 1246 ibi·

231 1289 340 1389 dem,
374 1315 468 1368 oum
504 1288 591 1395 ipse
625 1302 807 1370 armatus
849 1315 923 1395 per
955 1289 1107 1370 soniam
1143 1287 1366 1369 ascendere
1408 1286 1645 1389 festinaret,

230 1438 303 1518 per
336 1411 441 1491 ictus
475 1410 658 1517 lapidum
693 1411 873 1515 grauiter
906 1436 1139 1517 percussus,
1160 1409 1199 1489 iu
1232 1411 1430 1491 fossatum
1456 1424 1521 1490 est
1545 1437 1645 1518 pro·

229 1533 383 1641 lapsus,
406 1560 661 1639 grauemque
696 1533 734 1612 iu
771 1559 942 1640 corpore
976 1559 1051 1614 suo
1078 1532 1273 1614 sustinuit
1305 1532 1557 1639 passionem.
1576 1531 1645 1614 De

231 1682 312 1761 quo
349 1656 524 1736 barones
558 1670 599 1735 et
632 1655 781 1737 milites
814 1656 892 1737 sibi
932 1654 1105 1736 nimium
1140 1654 1488 1763 improperabant,
1526 1657 1644 1763 quod

230 1778 280 1859 ad
310 1778 407 1858 talia
439 1805 483 1859 se
517 1777 696 1883 ingessit,
731 1806 812 1885 que
847 1804 928 1858 non
974 1778 1123 1857 decent
1165 1778 1317 1881 regiam
1363 1776 1647 1859 maiestatem.

360 2105 444 2200 (De
472 2105 784 2210 eaptiuatione
813 2106 1220 2210 stipendiariorum
1252 2103 1502 2197 Lodouioi.)

390 2338 484 2418 188.
508 2338 672 2418 Abinde
690 2364 787 2418 vero
806 2339 974 2420 castello
993 2364 1202 2445 occupans
1221 2336 1488 2439 Luoheriarn,
1520 2337 1651 2420 euius

229 2459 486 2547 murieraut
519 2460 641 2540 diruti
676 2472 738 2541 est
771 2461 991 2566 ingressus,
1025 2487 1154 2568 prope
1188 2485 1313 2566 quum
1348 2472 1435 2539 erat
1454 2473 1649 2541 castrum

227 2581 495 2664 fortissimum
530 2609 603 2689 pro
642 2582 850 2664 Lodnuioo
885 2585 1029 2664 morito
1068 2582 1259 2662 dolionne
1293 2580 1431 2687 regine
1466 2607 1646 2664 conser-

227 2717 385 2786 uatum.
423 2705 467 2784 In
503 2705 785 2815 quopiuitate
818 2733 913 2810 rege
948 2706 1171 2807 existente,
1202 2703 1394 2785 Nicolaus
1428 2717 1468 2784 et
1481 2703 1650 2788 Paulus

228 2827 296 2935 fily
330 2826 469 2910 Laohk
503 2827 573 2906 vix
608 2855 702 2908 oum
738 2827 769 2907 L
802 2828 1017 2936 sagittarys
1052 2825 1245 2930 hungaris
1280 2838 1449 2908 eentum
1491 2839 1534 2906 et
1578 2829 1648 2908 vi·

227 2949 328 3055 giuti
360 2950 541 3033 soldotos
575 2949 707 3054 gentis
746 2950 951 3056 permixte
999 2948 1197 3030 Lodouiei
1245 2948 1296 3029 de
1345 2948 1547 3050 Tarento,
1601 2951 1648 3030 in

228 3099 376 3178 eampo
409 3072 449 3151 in
486 3099 625 3178 pugna
658 3071 891 3178 capientes,
936 3072 1066 3176 ligatis
1099 3083 1193 3179 post
1226 3084 1386 3176 tergum
1420 3069 1648 3175 munibuS,

229 3195 389 3299 equites
422 3193 545 3274 arinis
580 3194 744 3274 indutos
803 3194 1122 3275 introduxerunt
1171 3205 1267 3273 onte
1326 3218 1477 3297 regem.
1522 3191 1648 3286 Quos

226 3342 300 3395 rex
337 3316 406 3396 iila
438 3315 504 3395 die
538 3315 579 3395 in
613 3316 828 3395 refectorio
861 3315 1050 3396 Fratrum
1085 3314 1281 3421 hospitari
1318 3315 1415 3394 feeit
1451 3330 1492 3393 et
1522 3316 1646 3398 refici

226 3436 266 3516 in
312 3465 431 3535 oenn3
479 3465 526 3517 uo
563 3437 628 3516 die
671 3437 869 3538 erastino,
918 3437 1065 3519 ablatis
1099 3437 1216 3543 equis
1250 3451 1291 3516 et
1323 3436 1466 3536 armis,
1514 3437 1648 3521 sicuti

227 3560 487 3641 cousuetudo
522 3574 584 3640 est
617 3559 989 3666 stipendiariorum,
1024 3559 1137 3641 abire
1169 3558 1366 3666 permisit.

476 3918 560 4011 (De
588 3918 850 4000 obtentione
879 3915 1061 3998 Salerni
1088 3917 1394 4018 stelionum.)

389 4148 482 4229 189.
522 4146 583 4229 De
618 4175 698 4255 qun
735 4149 902 4230 ciuitate
936 4149 1107 4230 ulterius
1140 4149 1382 4256 procedens,
1415 4147 1494 4230 deo
1512 4154 1640 4234 auxi-

226 4271 372 4373 lionte,
422 4288 463 4350 et
497 4271 583 4351 vius
618 4271 705 4352 eius
739 4272 780 4351 in
814 4269 1083 4377 prosperitate
1126 4271 1346 4377 dirigente,
1397 4269 1639 4357 Sallernum

227 4406 267 4473 et
300 4392 514 4475 castelium
549 4393 707 4472 Seaffad
748 4391 945 4491 obtinuit,
996 4403 1037 4471 et
1083 4393 1179 4472 inde
1227 4420 1371 4475 versus
1412 4390 1635 4500 Neapolim

226 4517 425 4623 oppidum
459 4514 660 4620 Sumpnia
693 4512 885 4594 rotatum
916 4513 1023 4592 bene
1057 4516 1282 4618 munitum,
1317 4515 1358 4597 iu
1392 4541 1477 4622 quo
1512 4520 1635 4600 multi

226 4652 341 4719 erant
373 4638 544 4745 pedites,
579 4635 850 4743 expugnauit.
1620 4644 1623 4649 ’
