3660 5506
829 324 985 428 „⁷9-

206 544 364 627 familia
396 544 565 626 recessit
605 543 645 624 in
687 543 896 623 Poloniam
930 543 980 622 ad
1015 565 1203 620 socerum
1238 565 1373 619 suum.
1407 535 1500 633 Quo
1534 561 1609 617 au·

206 669 290 749 dito
322 694 395 748 rex
430 665 617 749 Andreas
649 666 800 747 timens
832 665 940 747 illius
973 662 1306 745 machinamenta
1322 661 1451 741 filium
1481 687 1608 741 sumn

207 789 469 899 Salomonem
505 788 730 872 transmisit
753 788 804 867 ad
828 789 1117 894 imperatorem
1152 783 1452 864 teutonicorum
1488 807 1610 864 soce·

207 940 298 993 rum
333 940 467 993 sumn.
490 910 627 991 Secuti
651 925 749 992 sunt
768 924 908 991 antem
930 937 1025 990 eum
1062 906 1225 1014 plurimi
1261 906 1454 1013 miniates
1487 903 1611 984 Hun-

206 1034 328 1139 garie.
361 1034 523 1114 Interea
555 1033 642 1115 dux
684 1032 782 1112 Bcla
819 1058 984 1112 omnem
1030 1029 1218 1109 iniuriam
1254 1053 1377 1135 quam
1413 1027 1448 1106 ei
1482 1026 1614 1106 frater

208 1183 309 1237 suus
342 1184 415 1236 rex.
439 1154 625 1237 Andreas
660 1155 853 1234 intulerat
873 1152 1100 1234 notificanit
1131 1177 1273 1232 socero
1306 1177 1381 1232 suo
1415 1149 1509 1230 duci
1531 1147 1612 1228 Po·

206 1278 327 1358 lonie.
371 1277 468 1358 Dux
512 1292 650 1357 autem
695 1277 860 1356 l'olonie
902 1275 1125 1357 auxiliatus
1170 1288 1232 1354 est
1273 1273 1310 1353 ei
1350 1270 1526 1352 fideliter
1568 1283 1614 1351 et

207 1400 439 1480 efficaciter.
473 1398 572 1481 Dux
619 1400 756 1505 itaque
800 1399 897 1479 llela
940 1397 1069 1478 tribus
1113 1395 1347 1500 agminibus
1380 1392 1510 1474 soceri
1544 1393 1614 1473 sui

207 1523 391 1604 munitus
425 1548 616 1604 reuersus
649 1537 711 1603 est
744 1521 782 1600 in
823 1520 1088 1625 Hungarianr.
1123 1517 1212 1598 Rex
1245 1531 1383 1598 antem
1418 1515 1613 1596 Andreas

208 1670 457 1750 prenoscens
492 1671 587 1725 eum
622 1671 717 1724 cum
752 1643 936 1724 exercitu
972 1643 1143 1722 intrasse
1176 1641 1219 1720 in
1253 1639 1518 1744 Huugariam‚
1555 1638 1614 1718 ab

207 1766 452 1873 imperatore
486 1767 787 1846 teutonicorum
811 1766 914 1845 duos
941 1765 1081 1865 duces,
1100 1762 1293 1842 videlicet
1310 1760 1566 1840 Villrelmnm
1581 1754 1615 1866 ¹)

208 1903 248 1968 et
283 1888 382 1967 Potlr
418 1889 455 1968 in
492 1888 692 1968 auxilium
732 1916 854 1968 sunm
900 1888 995 1967 fecit
1036 1885 1198 1967 adduci.
1235 1882 1396 1964 Ducem
1439 1908 1617 1988 qnoque

208 2009 493 2108 bohemorum,
523 2011 592 2115 qui
627 2010 980 2112 consanguinitate
1015 2009 1147 2088 eidem
1183 2007 1384 2086 attinebat
1416 2005 1617 2088 mercede

210 2133 423 2230 coruluxit
448 2147 487 2210 et
521 2131 754 2212 confidebat
787 2132 826 2211 in
862 2130 1125 2211 multitudine
1160 2124 1619 2209 conductormn.Hun·

208 2279 326 2358 garns
359 2272 497 2333 antem
533 2280 613 2333 non
649 2254 801 2334 multos
823 2254 1003 2334 babebat
1026 2253 1146 2358 (aaa)
1168 2248 1463 2359 quamplurimi
1495 2248 1616 2329 enim

210 2374 473 2456 Salomonem
509 2376 637 2456 lilium
671 2403 793 2456 suum
827 2376 957 2457 secuti
990 2377 1164 2476 fuerant,
1188 2389 1229 2453 et
1250 2400 1301 2452 ex
1332 2372 1407 2480 hys
1441 2369 1510 2477 qui
1547 2397 1619 2450 re-

209 2511 445 2580 manserant
477 2498 643 2604 plurimi
676 2497 726 2577 ad
761 2499 909 2578 ducem
935 2495 1398 2577 Belamconlluxeraut.
1426 2491 1618 2575 Nuncia·

209 2631 298 2699 tum
333 2633 395 2701 est
427 2634 566 2700 autem
611 2613 752 2725 Bele²)
790 2621 900 2726 qrrod
945 2646 1018 2698 rex
1060 2618 1243 2698 Andreas
1278 2617 1502 2696 maximam
1539 2615 1621 2696 ha-

211 2743 328 2823 beret
362 2742 668 2823 multitudinem
703 2742 1015 2843 conductorum,
1039 2742 1244 2846 elegitque
1277 2739 1406 2842 magis
1442 2738 1542 2817 mori
1576 2739 1621 2819 in

210 2864 331 2964 belle,
367 2891 491 2971 qnam
525 2865 613 2945 sine
648 2891 786 2970 pugna
819 2865 871 2945 ab
895 2864 1080 2943 exercitu
1106 2863 1210 2967 regis
1244 2861 1462 2944 declinare.
1493 2858 1622 2941 'lune

211 2986 438 3092 intrepidus
465 2986 716 3066 corrcitatum
751 2987 869 3066 (luxit
902 2987 1131 3065 exercitum
1160 3011 1285 3089 snper
1312 2982 1518 3063 Andream
1550 3010 1622 3062 re-

209 3135 301 3212 gem
336 3135 479 3189 versus
512 3108 713 3218 Tysciam.
737 3107 965 3187 Villrelmus
992 3135 1090 3188 reru
1124 3124 1164 3185 et
1197 3105 1297 3184 uun
1326 3106 1453 3184 duces
1473 3104 1623 3185 furore

209 3227 464 3335 teutonicol)
500 3230 702 3330 comitati,
732 3258 825 3309 cnm
861 3230 1093 3334 agminibus
1126 3229 1210 3308 suis
1240 3226 1479 3307 festinanter
1510 3224 1622 3332 Tys·

210 3351 315 3431 ciam
343 3353 602 3453 transierunt,
632 3367 672 3430 et
689 3353 909 3433 cormnisso
933 3351 1072 3458 prelio,
1091 3352 1143 3431 ab
1163 3364 1337 3454 utraque
1360 3363 1474 3454 parte
1497 3340 1629 3429 fortiss

209 3486 271 3553 ter
303 3488 365 3554 est
397 3488 639 3581 pugnatum,
658 3475 728 3554 sed
758 3475 980 3555 adiuuante
1006 3466 1214 3575 donnum)
1242 3472 1327 3550 dux
1358 3470 1456 3550 Rela
1482 3467 1623 3551 ricto-

212 3597 309 3676 riam
345 3596 533 3694 obtinuit,
563 3597 647 3675 t'ere
668 3596 860 3676 onmibus
888 3595 1107 3676 teutonicis
1133 3593 1285 3675 ibidem
1315 3590 1551 3690 interfectis,
1576 3609 1625 3675 et

210 3718 386 3800 ducibus
405 3744 546 3798 eorum
566 3718 886 3825 reornprelrensis
919 3717 1039 3798 l'orro
1060 3715 1243 3819 llungari
1272 3715 1341 3821 qni
1365 3726 1481 3793 crant
1498 3718 1620 3819 apud

213 3841 418 3920 Andream
453 3836 633 3945 regcm⁵)
663 3841 848 3922 videntes
877 3839 1088 3919 victoriam
1117 3838 1261 3917 lecisse
1288 3837 1436 3915 ducem
1467 3835 1620 3919 ueram

211 3962 378 4044 dimisso
414 3962 578 4042 Andrea
610 3989 704 4066 rege
738 3957 932 4067 reuersi⁶)
960 3959 1127 4042 suntad
1158 3960 1306 4038 ducem
1337 3957 1490 4038 Belum.
1523 3955 1621 4040 Rex

210 4095 350 4164 autem
371 4081 557 4165 Andreas
578 4084 682 4189 fugit
701 4113 843 4167 versus
865 4082 1120 4181 Teutoniam,
1140 4081 1210 4162 sed
1239 4079 1416 4161 euadere
1435 4104 1515 4158 non
1538 4106 1623 4185 po-

209 4206 298 4286 tuit.
317 4204 472 4312 Captus
491 4218 553 4286 est
573 4206 681 4286 enirn
711 4206 761 4286 ad
791 4219 928 4313 portas
957 4204 1106 4285 blusun
1119 4200 1161 4309 ⁷),
1192 4217 1231 4282 et
1258 4202 1512 4306 negligenter
1539 4201 1621 4281 ‹le-

208 4340 347 4409 tentus
364 4328 405 4408 iu
423 4327 529 4407 silua
554 4327 694 4410 Bolrou
713 4328 762 4407 ad
784 4328 922 4408 villam
934 4321 965 4432 ⁸)
984 4352 1102 4406 suam
1121 4352 1201 4430 que
1220 4324 1368 4405 dicitur
1384 4318 1617 4430 Sciriocl1⁹)

209 4527 337 4542 ...η’-..η-

371 4619 395 4701 Ι)
428 4619 653 4695 Willelmum.
698 4616 725 4700 ²)
761 4621 848 4693 duci.
891 4620 967 4692 add.
998 4613 1025 4701 3)
1062 4618 1136 4690 duc.
1190 4617 1440 4690 teutonicorum
1492 4616 1616 4690 lurore

212 4727 331 4801 cuncit.
374 4726 452 4801 VP.
497 4720 525 4808 ⁴)
563 4726 636 4799 deo.
681 4720 709 4806 bl
751 4747 824 4819 reg.
867 4723 974 4797 Andr.
1016 4718 1042 4804 ¹⁵)
1082 4722 1173 4795 rarsi
1211 4726 1301 4795 suut.
1343 4716 1369 4802 ²)
1411 4723 1543 4793 Musam
1574 4721 1615 4796 S.

213 4827 240 4916 ³⁵)
269 4829 427 4910 Crucem
458 4825 486 4918 ⁹)
514 4829 621 4912 Scire.
655 4830 721 4903 VP.
750 4827 878 4923 Sciryc.
897 4829 932 4902 S.
