3660 5506
828 359 984 459 *ar-

206 600 301 655 cum
336 572 552 682 dextrarys
588 574 768 656 faleratis
809 575 893 678 LX,
928 589 969 656 et
999 602 1024 655 a
1057 602 1151 681 rege
1196 575 1379 682 predicto
1419 589 1611 683 receptus

205 696 445 778 solemniter
477 697 632 803 optime
645 692 673 803 ¹)
697 711 738 778 et
769 697 861 780 latis
884 699 1213 805 possessionibus
1237 699 1466 799 inuestitur,
1489 711 1612 805 prout

205 832 341 925 patet3
372 817 462 926 ipso
497 820 535 900 in
570 818 800 929 Mysnensis
833 822 1008 925 regionis
1034 820 1338 928 proscriptionis
1362 847 1514 928 penam
1548 820 1611 901 in·

206 954 396 1022 currente
406 935 451 1047 2).

364 1063 434 1144 52.
468 1062 620 1144 Eorum
655 1090 751 1145 vero
794 1060 1051 1171 generacio³)
1097 1065 1168 1172 qui
1212 1064 1406 1146 dicuntur
1448 1063 1499 1145 de
1532 1064 1611 1145 Bo-

206 1179 395 1293 bocha⁴),
428 1186 479 1266 de
512 1184 713 1290 Samberg
745 1182 1090 1293 descenderunt⁵)
1125 1187 1164 1267 in
1199 1186 1465 1267 Pannoniam.

365 1308 434 1390 53.
468 1306 659 1417 Syrnonis
701 1309 810 1388 euim
854 1324 895 1390 et
926 1311 1058 1392 l'ratris
1100 1310 1188 1390 eius
1234 1308 1444 1391 Michaelis
1486 1336 1611 1414 gene-

207 1425 359 1537 raciol)
401 1430 659 1511 hlortnmlort
700 1431 955 1533 nominatur,
998 1432 1254 1539 temporibus
1299 1431 1463 1512 Andree
1507 1432 1611 1536 regis
1711 1493 1713 1497 >

205 1551 277 1661 fily
326 1551 424 1632 Bele
474 1570 585 1660 tercy
630 1553 844 1635 descendit
892 1553 942 1633 de
992 1553 1201 1661 Hispania.
1253 1552 1396 1635 Castra
1443 1553 1610 1659 quidem

207 1671 366 1781 plurah
401 1674 527 1755 habet
558 1677 598 1754 in
633 1675 834 1782 Hispania
867 1676 935 1757 illa
956 1677 1184 1781 generacio,
1208 1704 1261 1755 ex
1296 1676 1447 1782 quibus
1481 1703 1610 1756 unum

205 1797 317 1902 quod
352 1797 500 1878 melius
533 1813 596 1879 est
616 1798 788 1907 lloyoth.
808 1798 940 1880 llnius
974 1798 1141 1905 quidem
1166 1797 1356 1907 Syrnonis
1390 1823 1494 1879 anus
1513 1797 1610 1878 dnm

206 1947 303 1998 cnm
338 1946 432 2024 rege
466 1921 705 2024 drogonum
740 1922 859 2002 annis
895 1920 1085 2028 pluribus
1119 1920 1410 2022 contendisset,
1443 1919 1611 2000 tandem

205 2068 282 2147 per
328 2042 507 2122 eundem
558 2070 696 2147 regem
746 2045 979 2150 captiuatns
1031 2043 1069 2123 in
1113 2069 1320 2122 carcerem
1369 2040 1613 2123 detruditur.

207 2161 327 2258 Quod
362 2162 501 2244 Simon
537 2191 676 2244 comes
706 2179 747 2245 et
782 2160 1059 2271 llertranms⁸)
1105 2165 1385 2262 formidantes,
1419 2193 1514 2243 cum
1549 2191 1613 2246 se-

207 2285 346 2366 cunda
379 2313 509 2366 uxore
544 2287 689 2392 prefati
733 2288 837 2392 regis
872 2287 1036 2367 Audree
1075 2314 1157 2392 qne
1199 2288 1332 2367 fuerat
1366 2281 1448 2392 in⁹)
1492 2284 1613 2366 Cam-

207 2408 332 2514 pania
366 2409 404 2488 in
441 2407 691 2512 llungariam
733 2409 1000 2491 intrauerunt.
1036 2409 1079 2488 ln
1114 2408 1313 2515 Hispania
1356 2408 1464 2486 enim
1501 2407 1615 2487 nulla

206 2530 426 2634 generacio
459 2531 497 2609 in
541 2545 658 2612 scuto
700 2559 775 2612 sno
818 2530 999 2638 aquilam
1043 2531 1148 2611 serre
1190 2530 1327 2631 audet,
1363 2529 1438 2609 nisi
1472 2528 1612 2609 Simon

207 2664 251 2731 et
282 2646 536 2759 blichael'⁰).

368 2776 437 2854 54.
470 2774 734 2855 lntranernnt
775 2770 981 2882 autem¹¹)
1021 2774 1060 2854 in
1103 2772 1355 2877 llnngariam
1391 2785 1473 2852 tam
1509 2785 1614 2853 tem·

208 2923 308 3003 pore
343 2896 447 3001 regis
480 2896 648 3004 Geyche
682 2911 722 2977 et
755 2899 885 2977 saneti
919 2898 1024 3002 regis
1064 2895 1274 3002 Stephani,
1309 2921 1432 3000 qnam
1468 2895 1614 2977 diebus

206 3044 353 3121 regum
399 3020 569 3099 aliorum
615 3018 785 3099 Bohemi
823 3019 958 3127 poloni
994 3019 1102 3124 greci
1138 3018 1296 3124 hispani
1335 3012 1613 3124 ysmaelite¹²)

208 3141 319 3221 bessi
365 3142 520 3219 armeni
564 3167 741 3222 saxones
786 3143 934 3245 turingi
981 3142 1209 3222 misnenses
1253 3153 1294 3219 et
1325 3133 1612 3245 rhenenses¹³)

207 3263 377 3342 cmuani
413 3262 539 3343 latini.
558 3262 634 3356 Qui
670 3264 832 3345 diucius
866 3265 904 3344 in
938 3290 1063 3367 regno
1098 3261 1402 3362 commorando,
1423 3260 1614 3365 quamuis

208 3384 373 3464 illorum
409 3385 625 3489 generacio
670 3386 888 3485 nesciatur,
924 3413 995 3492 per
1034 3384 1385 3465 matrimoniorum
1431 3382 1614 3463 diuerso-

205 3534 299 3586 rnm
337 3520 571 3587 contractus
605 3507 798 3613 hungaris
832 3507 1010 3588 immixti
1043 3507 1297 3587 nobilitatem
1328 3499 1540 3612 pariter¹⁴)
1575 3519 1616 3585 et

207 3628 460 3710 descensum
492 3642 589 3710 sunt
621 3631 771 3737 adepti.
794 3628 979 3724 Quorum
1003 3629 1170 3735 quidem
1195 3627 1365 3708 nomina
1397 3621 1614 3732 ibidem¹⁵)

208 3764 308 3831 nota
342 3766 491 3851 essent,
525 3766 662 3832 tamen
699 3753 793 3832 hnic
826 3752 939 3859 operi
974 3778 1055 3831 non
1091 3747 1215 3858 (tlh)
1249 3743 1538 3857 appona1n¹⁰).

367 3875 437 3952 55.
470 3873 693 3979 Postrpram
728 3891 868 3955 antem
901 3867 1211 3978 Suetiuotug¹⁷)
1236 3899 1311 3977 per
1342 3872 1549 3975 hungaros
1571 3884 1616 3952 ut

207 3995 400 4101 superins
434 3995 589 4075 dictum
626 4011 687 4078 est
718 4008 890 4078 necatus
934 3989 1119 4100 esset¹⁸),
1154 4006 1194 4072 et
1228 3992 1399 4096 hungari
1443 3993 1615 4074 descen·

207 4166 415 4174 Ἄ-

370 4232 394 4325 ¹)
419 4235 567 4329 optimis.
599 4232 625 4324 ²)
649 4238 810 4310 intrante.
842 4238 910 4309 VP.
943 4231 969 4314 3)
1002 4234 1194 4330 generacio.
1234 4257 1299 4307 om.
1334 4236 1373 4307 B.
1404 4229 1431 4322 ⁴)
1456 4234 1614 4308 Boiotha.

207 4341 279 4414 VP.
314 4335 340 4428 ⁶)
364 4339 551 4414 descendit.
589 4337 615 4422 ¹⁵)
639 4342 784 4434 quidem.
829 4342 905 4413 add.
939 4335 965 4419 ⁷)
990 4341 1109 4413 multa.
1141 4333 1167 4420 Β)
1192 4339 1391 4413 beltranus.
1434 4339 1470 4412 S.
1511 4334 1537 4418 ⁹)
1562 4339 1614 4412 de.

211 4442 253 4526 ¹⁰)
283 4447 426 4521 Causam
458 4443 558 4517 huius
596 4445 768 4539 priuilegii
811 4448 1013 4540 ,eapropter
1052 4444 1139 4537 quod
1170 4485 1216 4497 -
1248 4447 1472 4517 mutaretnr“.
1503 4442 1615 4515 adfert

207 4552 288 4625 ooo.
319 4553 388 4624 VP.
418 4552 467 4623 Il.
497 4572 530 4643 p.
564 4552 647 4623 133.
684 4547 722 4630 ¹¹l
752 4552 913 4623 Preterea
944 4548 1169 4622 intrauerunt.
1191 4549 1262 4623 VP.
1292 4544 1333 4627 ¹¹)
1361 4570 1421 4621 seu
1449 4546 1613 4622 saraceni.

208 4656 287 4728 add.
319 4657 387 4728 VP.
422 4651 462 4738 ¹⁸)
492 4654 620 4749 toringi
654 4697 696 4705 -
737 4655 933 4727 rhenenses.
957 4676 1021 4727 orn.
1055 4654 1098 4727 B.
1132 4650 1173 4736 ¹⁴)
1201 4652 1354 4746 perinde.
1394 4651 1431 4727 S.
1465 4648 1506 4732 ¹⁵)
1533 4651 1615 4723 licet

207 4760 304 4896 ffilhl·
335 4761 369 4834 S.
400 4758 495 4833 mihi.
525 4762 564 4832 Β.
602 4755 641 4842 ¹⁶)
670 4760 816 4854 Quorum
843 4802 885 4811 —
912 4780 1092 4851 apponam.
1122 4780 1187 4831 orn.
1209 4758 1279 4832 VP.
1313 4751 1353 4834 ¹⁷)
1381 4756 1613 4848 Zuatapolug.

241 4867 348 4949 lom..
394 4922 396 4926 .
