3660 5506
831 370 989 477 Aa„

209 605 277 674 tus
310 605 373 674 est
408 589 719 698 archiepiscopo
761 585 804 671 et
845 590 934 701 alys
977 590 1267 676 ecclesiasticis
1310 591 1497 700 personis
1538 617 1615 674 seu

210 714 398 822 prelatis3
431 712 596 796 dicebat
625 708 689 796 se
710 707 907 820 peccasse
947 714 1045 821 quia
1076 743 1250 820 regnum
1282 714 1464 822 legitime
1496 740 1615 796 coro·

209 837 294 918 nati
337 836 442 941 regis
465 847 779 942 occupauerat,
824 837 1095 944 promisitque
1139 864 1312 943 regnnrn
1354 836 1615 919 redditurum

210 957 422 1041 Salomoni
455 984 551 1039 curn
585 984 688 1065 pace
712 957 828 1039 firma
851 958 934 1040 hoc
967 958 1110 1041 rnodo:
1143 953 1263 1055 Quod
1295 961 1384 1069 ipse
1416 983 1617 1041 coronam

209 1083 298 1165 iure
331 1094 503 1184 teneret,
537 1107 633 1161 curn
667 1079 793 1161 tercia
824 1095 965 1162 tamen
1008 1098 1124 1188 parte
1166 1083 1293 1188 regni,
1327 1108 1409 1189 que
1441 1082 1617 1164 ducatui

209 1202 472 1312 appropriata
505 1216 603 1284 erat.
624 1199 819 1284 Salomon
851 1229 1021 1311 quoque
1055 1203 1157 1287 duas
1190 1218 1328 1312 partes
1358 1205 1474 1311 regni
1496 1229 1617 1286 coro·

208 1339 332 1409 natus
374 1339 546 1427 teneret,
580 1351 684 1432 quas
725 1323 839 1431 prius
882 1325 1105 1408 detinebat.
1139 1325 1333 1434 Episcopi
1373 1353 1471 1433 ergo
1509 1325 1617 1408 letas

210 1448 289 1529 deo
321 1448 479 1553 gracias
511 1462 696 1553 egerunt,
730 1448 827 1553 quia
859 1475 998 1554 regern
1041 1450 1208 1556 spiritus
1241 1448 1371 1532 sancti
1402 1449 1546 1555 grucia-
1574 1463 1620 1529 et

209 1569 449 1654 visitacione
483 1584 768 1677 conpunctum
803 1586 843 1652 et
874 1571 1124 1653 illustratum
1148 1598 1238 1654 esse
1260 1571 1471 1654 videbant.
1493 1569 1617 1652 Tunc

209 1720 284 1772 rex
318 1691 493 1798 Magnus
529 1691 665 1774 missis
707 1719 869 1802 nuncys
900 1695 951 1774 ad
996 1721 1135 1800 regern
1178 1691 1444 1775 Salomonem
1476 1693 1618 1800 expli·

211 1814 322 1897 cauit
356 1816 393 1895 ei
425 1841 501 1922 per
539 1814 678 1897 literas
721 1816 892 1896 modurn
938 1817 1050 1923 pacis
1093 1831 1371 1923 pretaxatum.
1404 1815 1618 1896 lntercur·

209 1937 395 2020 rentibus
407 1931 436 2042 ¹)
460 1936 600 2043 itaque
633 1964 794 2047 nuncys
828 1955 869 2018 et
900 1966 1025 2046 super
1058 1939 1134 2018 hac
1166 1967 1210 2018 re
1238 1937 1412 2020 diuersis
1445 1937 1619 2018 diuersa

210 2059 492 2141 sencientibns
534 2062 804 2165 consurnpcio
847 2061 1197 2141 reconciliacionis
1240 2061 1433 2142 effectum
1476 2059 1618 2141 sortiri

209 2206 292 2261 non
327 2181 471 2288 potuit.
507 2174 668 2262 lnter'ea
705 2208 777 2263 rex
821 2181 995 2288 Magnus
1039 2183 1080 2263 in
1122 2208 1291 2286 grauem
1335 2181 1617 2288 egritudinem

208 2302 362 2403 incidit,
398 2318 439 2383 et
471 2304 647 2411 septimo
682 2303 878 2385 kalendas
914 2299 1048 2412 llay²)
1091 2305 1200 2385 riam
1235 2305 1368 2387 carnis
1400 2305 1619 2403 uniuersa,

210 2419 310 2530 vir³)
344 2425 565 2507 virtutibus
605 2425 839 2525 adornatus
874 2440 935 2509 est
978 2429 1197 2531 ingressus,
1234 2426 1330 2507 Erat
1373 2427 1483 2507 eninr
1531 2425 1620 2506 fide

210 2547 448 2648 catholicuS,
484 2547 562 2628 deo
595 2547 899 2648 deuotissirnus,
936 2569 977 2629 ct
1009 2550 1200 2656 princeps
1234 2547 1614 2630 christianissimus.

209 2667 412 2773 Regnauit
453 2685 591 2751 autem
633 2672 763 2753 tribus
805 2673 944 2770 atritis,
989 2687 1028 2751 et
1070 2669 1211 2751 Wacie
1254 2664 1527 2775 turnulatusl)
1574 2670 1619 2750 in

210 2791 385 2874 ecclesia
419 2792 538 2873 beate
561 2792 749 2898 Virginis,
777 2820 901 2899 quarn
936 2794 1024 2902 ipse
1058 2793 1290 2875 construxit
1322 2807 1363 2874 et
1396 2788 1619 2899 dotauit⁵).

208 3049 297 3151 (Dc
338 3049 640 3131 coronacione
674 3050 824 3131 annoti
850 3051 978 3154 regin
1003 3049 1214 3130 Lndlzlcl
1250 3049 1412 3130 tratri·
1445 3045 1619 3151 (toy-0,

261 3169 433 3275 lllllque
462 3169 575 3252 Belo
602 3174 752 3276 primi,
783 3179 830 3254 et
857 3171 913 3252 dc
947 3173 1049 3252 vite
1076 3178 1122 3255 et
1149 3180 1297 3255 morte
1325 3171 1437 3253 clun.
1464 3169 1556 3270 Ba)

373 3385 469 3465 110.
506 3384 627 3491 (Ata)
662 3387 816 3467 Audita
850 3413 944 3467 vcro
978 3401 1109 3468 morte
1151 3388 1254 3492 regis
1287 3384 1425 3490 Magni
1456 3410 1619 3465 conue-

213 3502 273 3583 nit
307 3504 501 3587 uniuersa
535 3508 756 3589 multitudo
789 3506 1110 3617 lrungarorurnl)
1144 3508 1344 3590 nobilium
1371 3505 1422 3588 ad
1443 3506 1617 3586 fratrem

210 3626 299 3707 eius
338 3626 593 3728 'Ladizlaurm
636 3650 676 3709 et
719 3659 815 3712 eurn
861 3633 1071 3713 communi
1117 3657 1321 3714 consensu
1364 3621 1617 3737 parilique⁸)

211 3763 319 3848 vota,
353 3766 394 3828 et
427 3774 607 3830 consona
636 3753 847 3834 voluntate
881 3755 930 3834 ad
966 3755 1276 3861 suscipiendum
1310 3751 1425 3856 regni
1457 3749 1618 3855 guber·

208 3870 403 3950 naculum
442 3872 699 3956 concorditer
731 3877 965 3980 elegerunt3
988 3878 1071 3957 imo
1090 3903 1185 3958 rere
1218 3875 1347 3978 magis
1358 3869 1390 3980 ⁰)
1411 3872 1618 3954 affectuo-

211 3990 382 4072 sissimis
426 4007 466 4072 et
514 3993 819 4080 instantissimis
868 4000 1059 4108 precibus
1108 3998 1411 4105 compulerunt.
1454 3992 1619 4076 Omnes

207 4113 319 4193 enirn
352 4131 557 4195 nouerant
597 4118 733 4224 ipsum
768 4148 859 4203 esse
894 4122 1087 4203 vestitum
1131 4117 1495 4202 consurnmacione
1533 4116 1618 4196 vir·

208 4249 358 4337 tutum,
392 4235 472 4315 fide
515 4238 777 4342 catholicum,
812 4244 963 4350 pietate
1006 4243 1264 4350 precipuum,
1299 4240 1483 4346 largitate
1516 4266 1617 4319 mu-

367 4437 392 4531 ¹)
430 4443 691 4518 incurrentibus,
722 4445 765 4520 A.
804 4447 839 4520 S.
884 4450 918 4523 in
960 4448 1145 4523 currentib.
1189 4447 1264 4523 VP.
1301 4443 1328 4527 ³)
1357 4468 1446 4520 armo
1480 4443 1615 4517 domini

207 4546 433 4623 MLXXVII.
463 4547 505 4619 A.
536 4542 564 4625 ⁸)
588 4571 653 4623 om.
683 4550 759 4626 VP.
788 4548 816 4632 ⁴)
842 4555 1038 4628 tumulatur.
1069 4558 1112 4628 A.
1150 4548 1178 4633 δ)
1207 4557 1240 4624 et
1268 4551 1409 4625 dotauit.
1437 4573 1503 4624 orn.
1531 4548 1615 4624 VP.

209 4648 246 4724 S.
276 4650 317 4723 V.
347 4651 389 4723 dc
426 4652 524 4725 farne.
561 4651 638 4726 odd.
679 4654 752 4737 ΥΡ.
784 4651 811 4735 ⁶)
850 4658 899 4731 De
928 4658 1144 4732 coronatione
1172 4658 1206 4730 S.
1237 4656 1331 4751 regis
1367 4651 1537 4730 Ladiclai.
1569 4651 1614 4727 A.

210 4754 263 4828 Dc
289 4754 507 4842 coronatione
534 4756 569 4829 S.
601 4756 694 4850 rcgis
721 4759 887 4850 Ladislai,
913 4761 969 4854 qui
998 4763 1075 4852 init,
1105 4761 1142 4837 S.
1174 4755 1200 4843 'l
1227 4760 1392 4834 nobilium
1420 4755 1614 4852 Hungaric.

210 4853 238 4941 ⁸)
270 4880 346 4953 quc.
375 4881 439 4932 om.
473 4854 500 4942 ⁹)
524 4860 595 4932 fcrc
624 4884 712 4954 arag.
742 4864 788 4938 A.
817 4886 896 4938 vcro
924 4867 1035 4960 magis
1063 4867 1135 4971 rr.
1164 4865 1274 4959 magis
1302 4887 1379 4940 vcra
1408 4863 1444 4938 S.
