3660 5506
883 272 928 342 50

206 489 276 574 nia
307 516 459 598 genera
468 485 499 598 ¹)
542 489 796 574 musicorum
837 485 1088 599 delinitius²)
1132 491 1346 574 dulcisono
1390 493 1615 582 siluerunt.

207 614 544 720 Planxeruntque
578 640 673 695 eum
707 613 878 721 planetu
906 615 1038 697 cordis
1066 614 1264 717 fidissimi,
1287 627 1458 722 eratque
1489 617 1617 724 plan·

208 749 299 819 etus
333 762 508 843 magnus
542 748 583 816 et
614 736 933 819 inconsolabilis.

365 872 435 958 71.
468 877 524 956 At
564 877 705 982 regina
745 872 939 984 Keysla³)
982 904 1077 958 oum
1121 876 1239 958 Buda
1271 876 1445 958 satellite
1477 877 1616 959 scele-

207 992 341 1104 rum‘)
382 998 547 1079 Petrum
593 1000 828 1081 alemanum
841 995 871 1106 ⁵)
904 998 970 1080 vel
1014 997 1158 1105 pooius
1190 998 1397 1080 Venatum
1439 999 1612 1080 fratrem

207 1120 346 1226 regine
380 1147 518 1226 regem
552 1121 749 1228 preficere
784 1134 1029 1222 statuerunt,
1064 1121 1189 1227 (23b)
1223 1120 1301 1202 hoc
1334 1120 1613 1225 intendentes,

207 1255 253 1325 ut
291 1241 432 1349 regina
471 1243 625 1352 Keysla
666 1258 802 1325 motus
845 1269 919 1324 sue
951 1243 1175 1325 voluntatis
1218 1270 1291 1351 pro
1333 1239 1490 1350 libitol)
1532 1271 1613 1327 suo

207 1380 349 1472 posset
380 1366 602 1474 complere,
626 1380 667 1447 et
697 1392 871 1471 regnum
894 1364 1103 1471 Hungarie
1126 1365 1278 1447 amissa
1309 1365 1496 1447 libertate
1517 1382 1614 1448 teu-

208 1488 354 1570 tonicis
387 1484 688 1594 subderetu1·⁷),
722 1500 763 1567 et
799 1488 939 1593 regina
981 1487 1133 1595 Keysla
1175 1501 1312 1570 motus
1355 1515 1430 1570 sue
1462 1488 1615 1569 volun·

208 1611 301 1693 tatis
334 1610 375 1691 in
418 1637 544 1716 regno
585 1610 673 1691 sine
716 1609 1014 1717 impedimento
1055 1625 1196 1716 posset
1238 1609 1420 1717 explere.
1454 1608 1614 1691 Vilbel-

208 1726 342 1840 mus⁸)
376 1745 515 1815 autem
550 1747 666 1839 pater
699 1732 804 1813 Petri
837 1732 942 1838 regis
967 1732 1045 1813 suit
1066 1733 1189 1813 frater
1221 1732 1469 1838 Sigismundi
1502 1733 1615 1838 regis

208 1854 520 1960 burgundorum
532 1848 576 1959 ⁹),
600 1855 673 1936 sed
705 1869 800 1961 post
821 1853 1190 1962 interernpoionem
1209 1854 1341 1936 saneti
1359 1853 1615 1960 Sigismundi

207 1990 378 2058 venerat
415 1977 467 2058 ad
510 1976 811 2083 imperatorem,
846 2005 971 2084 quem
1014 1978 1237 2084 imperator
1277 1977 1496 2058 oollooauit
1528 1975 1615 2058 Ve-

208 2126 348 2206 neoys,
383 2112 424 2178 et
456 2099 625 2179 dederat
657 2098 693 2179 ei
726 2125 908 2180 sororem
939 2126 1058 2181 suam
1093 2100 1259 2181 nomine
1286 2093 1538 2205 Gerdrud¹⁰)
1570 2099 1613 2180 in

207 2246 397 2323 uxorem,
430 2222 481 2301 de
515 2247 598 2327 qua
630 2221 773 2326 genuit
813 2221 1009 2330 Keyslam
1049 2222 1243 2327 reginam.
1277 2220 1439 2304 Mortua
1469 2233 1617 2303 antem

208 2342 394 2424 Gerdrud
425 2342 655 2424 Vilhelrnns
688 2342 811 2424 duxit
844 2343 884 2424 in
917 2370 1091 2425 uxorem
1126 2370 1306 2426 sororem
1341 2343 1471 2427 sanoti
1504 2343 1615 2449 regis

207 2462 419 2573 Stephani,
453 2465 504 2547 de
538 2492 622 2573 qua
653 2465 797 2571 genuit-
828 2465 993 2548 Petrum
1027 2493 1179 2571 regem.

259 2756 329 2836 De
358 2756 534 2838 ”uiola
562 2757 844 2860 expulsione,
873 2757 1143 2860 reingreeeu
1172 2763 1219 2836 et
1246 2762 1395 2837 morte
1430 2753 1560 2836 Petri

811 2911 1001 3019 ποιῆθ’).

365 3120 435 3209 72.
469 3128 690 3235 Postquam
724 3141 864 3211 autem
902 3129 1045 3211 Petrus
1079 3142 1142 3210 est
1172 3129 1305 3210 faetus
1348 3118 1487 3232 rex¹²)
1521 3150 1616 3205 om-

208 3275 305 3329 nem
351 3249 459 3354 regie
502 3250 732 3333 serenitatis
779 3250 1076 3356 benignitatem
1120 3249 1282 3350 abiecit,
1320 3265 1361 3330 et
1399 3246 1615 3329 teutonico

206 3370 344 3451 furore
376 3371 542 3454 seuiens
574 3372 735 3454 nobiles
767 3372 977 3477 Hungarie
1018 3373 1328 3479 aspernabatur,
1362 3371 1470 3452 bona
1503 3383 1615 3451 terre

208 3494 389 3598 superbo
422 3493 543 3575 oculo
577 3506 618 3574 et
644 3494 869 3575 insaciabili
903 3495 1025 3576 corde
1059 3522 1153 3575 eum
1189 3492 1408 3576 teutonicis
1440 3490 1616 3573 beluina

206 3613 367 3695 feritate
399 3615 669 3721 rugientibus,
703 3630 745 3696 et
777 3645 871 3698 eum
910 3617 1046 3698 latinis
1079 3616 1331 3724 yrundinum
1373 3612 1613 3720 garrulitate

206 3737 562 3819 murmurantibus
595 3739 833 3841 deuorabat,
867 3739 1125 3820 municiones
1168 3732 1410 3845 presidia¹³)
1444 3748 1486 3815 et
1518 3760 1612 3816 oas-

207 3858 305 3938 tella
336 3859 556 3941 teutonicis
590 3875 630 3940 et
663 3861 797 3941 latinis
824 3861 1094 3942 custodienda
1118 3862 1318 3942 tradebat.
1335 3859 1433 3940 Erat
1464 3867 1611 3938 autem

209 3978 297 4086 ipse
328 3979 472 4063 Petrus
506 3981 679 4063 nimium
713 3982 906 4081 lasciuus,
936 3983 1159 4089 nullusque
1193 4009 1241 4063 eo
1273 3997 1459 4090 tempore
1493 3989 1611 4061 tutus

205 4167 412 4178 ψ-

368 4253 392 4339 ¹)
415 4281 513 4332 omne
541 4282 660 4353 genus.
692 4253 718 4340 ²)
743 4257 920 4336 delinitiua
946 4257 1131 4333 duleisona.
1163 4253 1189 4335 ³)
1213 4257 1350 4351 Keysia.
1373 4259 1409 4330 S.
1435 4255 1609 4355 (constan-

207 4361 286 4459 ter.)
317 4355 344 4442 ⁴)
369 4386 434 4437 orn.
455 4365 498 4437 B.
530 4358 556 4451 ⁵)
580 4364 783 4438 alamanum.
818 4360 844 4440 ⁶:
870 4363 981 4438 libitu.
997 4363 1070 4438 VP.
1094 4358 1120 4443 7)
1144 4362 1200 4436 hio
1219 4363 1290 4436 VP.
1319 4359 1493 4455 adiungit:
1513 4359 1610 4446 „sine

209 4463 489 4559 impedimento,“
519 4468 712 4560 emittitque
732 4469 928 4561 sequentia:
953 4491 1079 4561 usque:
1100 4466 1291 4540 Villelmus.
1309 4464 1486 4540 consentit
1513 4463 1611 4537 Vati·

208 4593 339 4645 canum.
371 4572 520 4646 Codices.
552 4573 597 4647 Α.
626 4573 670 4645 Β.
701 4577 734 4645 et
765 4573 799 4645 S.
817 4599 890 4648 eum
910 4578 1027 4647 nostro
1047 4571 1188 4644 laniunt.
1211 4566 1238 4651 8)
1263 4570 1455 4643 Villelmus.
1479 4564 1505 4649 9)
1529 4569 1609 4642 bur·

206 4674 422 4769 gundiorunr.
457 4672 498 4756 ιη)
526 4676 685 4752 Gertrud.
704 4673 742 4765 ¹¹)
771 4679 821 4752 De
849 4677 972 4752 seuitia
1001 4675 1095 4749 Petri
1123 4674 1227 4768 regis.
1245 4676 1314 4748 VP.
1341 4677 1376 4748 S.
1406 4675 1456 4746 De
1485 4672 1610 4746 senilia

206 4784 241 4855 ot
268 4782 309 4857 de
338 4777 520 4855 insolentia
558 4779 650 4855 Petri
687 4780 791 4877 regis.
831 4782 875 4855 Α.
918 4777 959 4857 ¹²)
988 4781 1097 4853 faetus
1134 4781 1186 4853 est
1223 4802 1294 4852 rex.
1342 4775 1382 4861 ¹⁸)
1419 4775 1539 4873 predia
1566 4779 1608 4854 V.
