3592 5490
874 364 1031 465 ..33⁶-

250 596 404 668 rentur.
440 583 485 663 ln
520 583 646 664 toreio
680 609 822 663 mense
856 580 1102 682 obsidionis,
1141 609 1236 663 eum
1271 582 1480 664 ciuitatem
1509 612 1665 693 capere

253 734 335 788 non
355 720 536 814 possent,
571 706 749 812 «predam
786 704 924 812 puella
956 705 1152 808 ungarica
1187 706 1315 811 ipsam
1351 707 1563 788 ciuitatem
1603 710 1665 789 in-

255 829 415 933 cendit,
460 843 500 908 et
546 829 752 908 exereitus
784 828 899 907 irruit
936 826 975 905 in
1010 827 1241 929 eiuitatem,
1285 844 1325 908 et
1357 846 1501 911 <inanes
1534 832 1667 911 truei·

254 953 392 1053 (lauit,
435 963 572 1059 preter
604 976 674 1030 eos
710 950 778 1055 qui
816 949 853 1029 in
889 975 1024 1029 amem
1060 950 1289 1053 fugierunt,
1335 965 1375 1030 et
1418 952 1665 1035 thesaurum

254 1075 342 1156 auri
378 1087 418 1154 et
444 1073 601 1178 argenti
632 1097 975 1177 gemmarumque
997 1071 1202 1153 inlinitum
1223 1092 1458 1179 rapuerunt.
1475 1076 1522 1156 ln
1541 1077 1668 1157 utrius

260 1197 477 1304 partitione
510 1208 597 1276 orta
630 1209 691 1276 est
732 1193 953 1273 diseordia'
977 1192 1080 1273 inter
1116 1221 1252 1298 regem
1296 1210 1338 1275 et
1373 1196 1534 1279 ducem.
1585 1198 1670 1293 Qui

255 1332 394 1400 autem
429 1319 468 1398 in
503 1343 596 1398 aroe-
630 1331 745 1397 eraut
777 1328 948 1422 aeeepta
979 1314 1131 1396 fidueia
1164 1317 1404 1421 exiuerunt,
1447 1334 1489 1399 et
1521 1321 1669 1428 plures

256 1442 305 1523 ad
341 1442 489 1521 (breem
524 1439 725 1547 Geysam:
768 1465 892 1543 quam
927 1436 978 1516 ad
1011 1465 1148 1542 regem
1185 1453 1397 1522 venerunt.
1432 1441 1521 1522 Rex
1555 1444 1668 1526 diui·

252 1564 354 1645 dens
406 1563 669 1662 thesaurum,
718 1561 845 1642 solam
890 1559 1074 1666 quintam
1120 1574 1280 1668 partem
1329 1563 1422 1644 duoi
1472 1565 1668 1672 reliquit;

253 1687 363 1793 quod
398 1686 570 1766 moleste
603 1684 707 1764 tulit.
759 1683 983 1789 lmperator
1024 1710 1238 1788 grecorum
1283 1686 1393 1767 misit
1425 1686 1474 1767 ad
1509 1688 1667 1769 ducem

253 1810 454 1916 (leysam,
497 1807 609 1913 paeis
642 1806 797 1911 grauia,
840 1817 881 1884 et
913 1820 958 1885 ut
992 1806 1144 1912 raptiui
1177 1807 1505 1907 remitterentur3
1548 1812 1667 1917 quod

252 1932 499 2011 factumest.
534 1928 611 2009 Sed
637 1955 707 2007 rex
745 1941 960 2034 propterea
996 1928 1285 2032 indignabatur
1317 1946 1358 2010 et
1391 1958 1531 2014 ‹ronres
1567 1932 1665 2042 Vyd

252 2053 472 2156 instigabat
505 2080 614 2152 eum,
648 2065 695 2131 ut
727 2050 874 2129 durem
911 2050 1141 2157 expelleret
1173 2052 1224 2130 de
1258 2078 1394 2158 reguo.
1430 2053 1533 2135 Nam
1555 2056 1669 2138 sieut

253 2176 335 2256 duo
383 2175 502 2282 glady
547 2173 585 2252 in
630 2199 712 2253 unat
753 2171 900 2275 ragina
944 2172 1066 2253 simul
1112 2201 1201 2255 esse
1246 2200 1326 2254 non
1372 2190 1546 2283 possunt
1581 2191 1663 2260 ete.

253 2297 369 2378 dixit.
420 2297 508 2375 Rex
559 2322 653 2399 ergo
697 2313 737 2375 et
777 2295 904 2374 ‹luees
945 2310 1040 2376 sunt
1084 2295 1216 2391 diuisi,
1267 2297 1455 2380 ladislao
1501 2324 1556 2378 ex
1600 2303 1668 2382 sui

253 2420 387 2500 fratris
421 2419 590 2500 oonsilio
618 2418 656 2498 in
682 2416 870 2498 bostiam
907 2418 1210 2523 proficiscente,
1246 2420 1447 2501 auxilinm
1483 2446 1665 2527 querere

255 2542 432 2622 rolente.
484 2539 571 2619 llex
616 2555 656 2619 et
694 2540 778 2620 dux
813 2539 947 2644 Geysa
983 2541 1134 2620 interea
1169 2555 1455 2623 eomreuerunt.
1487 2543 1526 2624 in
1564 2543 1669 2625 Stri-

253 2664 397 2767 gonirr,
444 2677 485 2742 et
517 2662 681 2768 utrique
716 2690 809 2742 cum
846 2658 937 2741 Vlll
971 2663 1229 2763 bominibus,
1273 2665 1311 2744 in
1353 2665 1530 2747 insulam
1569 2694 1668 2773 pro-

252 2787 411 2866 ximam
446 2785 496 2865 ad
531 2784 852 2890 eollorpreudmn
889 2784 1055 2883 vadunt,
1090 2797 1130 2863 et
1162 2786 1351 2866 roborato
1376 2787 1515 2867 ledere
1534 2791 1670 2895 pacis,

252 2909 337 2988 dux
376 2909 415 2986 in
458 2907 656 2987 ducatum
700 2933 891 2986 reuersus
933 2922 1005 3007 est,
1050 2919 1091 2986 et
1133 2934 1204 2986 rex
1252 2910 1289 2989 in
1333 2910 1497 2991 Albam.
1541 2909 1673 2992 Mittit

255 3058 326 3111 rex
373 3029 577 3110 adducere
621 3029 796 3131 legatos,
847 3040 887 3106 et
928 3045 1094 3109 econtra
1136 3030 1222 3109 dur
1267 3031 1378 3111 misit
1418 3033 1670 3139 episcopum

256 3151 580 3251 ll'aradiensem,
615 3152 684 3257 qui
719 3150 812 3228 bine
846 3149 941 3229 inde
975 3151 1165 3232 (ustoditi
1200 3153 1394 3233 reseruati
1429 3168 1538 3235 sunt.
1575 3154 1671 3263 Vyd

252 3287 392 3354 autem
428 3274 597 3377 regebat
628 3300 784 3376 regem3
817 3271 924 3353 sieut
957 3274 1149 3376 nmgister
1180 3274 1449 3380 discipulum,
1483 3276 1521 3355 iu
1561 3276 1671 3358 inte·

254 3397 461 3501 ritumque
495 3395 629 3502 (leyse
664 3395 886 3476 lalmrabat.
923 3395 1027 3498 llrgo
1066 3397 1333 3477 ‹··ornrnissum
1379 3411 1441 3479 est
1485 3399 1667 3504 prelium

254 3518 359 3598 inter
391 3544 529 3621 regem
564 3534 604 3596 et
636 3516 798 3617 dueum,
834 3529 874 3594 et
894 3518 980 3596 dux
998 3533 1216 3624 superatus
1235 3534 1296 3599 est
1312 3519 1456 3599 fraude
1474 3546 1667 3625 suorum,

253 3657 293 3720 et
328 3639 526 3720 militibus
559 3639 752 3719 rnrrnibus
788 3641 975 3745 perditis,
1018 3640 1208 3720 transiuit
1238 3641 1435 3743 lisoium,
1479 3657 1521 3721 et
1554 3644 1671 3725 misit

251 3763 302 3842 ad
339 3762 573 3842 Ladislaum
617 3762 781 3841 fratrem
827 3787 950 3843 suum
987 3776 1035 3842 ut
1077 3762 1244 3842 veniret.
1288 3762 1366 3858 Qui
1407 3764 1522 3844 venit
1565 3792 1667 3848 euna

251 3885 362 3965 duee
396 3882 556 3987 Ottone,
592 3899 633 3963 et
665 3883 919 3987 congregatis
952 3884 1118 3966 armatis
1152 3884 1453 3989 lumgarorum3
1486 3886 1668 3970 descen·
1783 3988 1790 3999 Ι

251 4009 403 4088 derunt
436 4006 543 4086 eirea
588 4005 792 4104 wadum,
843 4021 883 4086 et
933 4019 1208 4113 expectanmt
1259 4007 1487 4091 exereitum
1539 4011 1664 4115 regis,

250 4129 343 4210 Vno
378 4156 500 4209 ruane
535 4154 659 4210 eausa
692 4128 849 4236 eurisily
884 4128 924 4208 in
958 4155 1150 4235 oarrupum
1187 4130 1358 4211 veniunt
1390 4130 1669 4231 duoes3vidit

251 4250 289 4333 S.
332 4251 546 4332 Ladislaus
587 4251 810 4350 risionem,
860 4250 1053 4356 angelum
1096 4252 1289 4332 videlieet
1336 4252 1665 4337 descendentem

251 4375 303 4455 de
336 4374 449 4477 cele,
482 4385 713 4481 portantem
749 4399 940 4453 eoronam
976 4399 1158 4473 auream,
1192 4375 1313 4481 err-piti
1347 4374 1483 4484 Geyse
1515 4375 1666 4485 impri-

253 4509 449 4577 mentem.
498 4495 585 4575 Rex
620 4494 741 4600 igitur
772 4493 964 4576 San-unm
999 4495 1164 4600 agurina
1197 4511 1407 4603 preparat,
1456 4509 1497 4577 et
1529 4498 1665 4583 duces

253 4645 349 4701 suas
383 4618 492 4699 acies
525 4617 734 4716 ordinant,
783 4633 824 4698 et
855 4618 1030 4724 prelium
1066 4618 1346 4704 oornrnittitur.
1390 4618 1435 4699 fit
1478 4619 1665 4727 impetus

255 4741 351 4821 hino
393 4740 500 4820 inde.
549 4738 639 4819 Rex
681 4737 873 4820 Salomon
923 4741 1008 4820 fere
1057 4740 1250 4821 omnibus
1301 4741 1386 4822 suis
1406 4805 1409 4809 .
1433 4740 1665 4827 interfectis

254 4863 424 4968 aufugit.
464 4860 594 4944 Maior
619 4861 727 4942 euim
756 4888 849 4973 pars
866 4861 1043 4946 militum
1076 4861 1288 4954 Hungarie
1320 4862 1488 4965 cecidit,
1521 4877 1667 4978 preter
