<?xml version="1.0" encoding="UTF-8"?>
<!DOCTYPE html PUBLIC "-//W3C//DTD XHTML 1.0 Transitional//EN"
    "http://www.w3.org/TR/xhtml1/DTD/xhtml1-transitional.dtd">
<html xmlns="http://www.w3.org/1999/xhtml" xml:lang="en" lang="en">
 <head>
  <title>
</title>
<meta http-equiv="Content-Type" content="text/html;charset=utf-8" />
  <meta name='ocr-system' content='tesseract 3.04.00' />
  <meta name='ocr-capabilities' content='ocr_page ocr_carea ocr_par ocr_line ocrx_word'/>
</head>
<body>
  <div class='ocr_page' id='page_1' title='image "./chronicondubnic00florgoog_0068.png"; bbox 0 0 3592 5490; ppageno 0'>
   <div class='ocr_carea' id='block_1_1' title="bbox 834 346 877 413">
    <p class='ocr_par' dir='ltr' id='par_1_1' title="bbox 834 346 877 413">
     <span class='ocr_line' id='line_1_1' title="bbox 834 346 877 413; baseline -0.023 0"><span class='ocrx_word' id='word_1_1' title='bbox 834 346 877 413; x_wconf 80' lang='lat'>53</span> 
     </span>
    </p>
   </div>
   <div class='ocr_carea' id='block_1_2' title="bbox 781 439 935 449">
    <p class='ocr_par' dir='ltr' id='par_1_2' title="bbox 781 439 935 449">
     <span class='ocr_line' id='line_1_2' title="bbox 781 439 935 449; baseline 0.019 -4"><span class='ocrx_word' id='word_1_2' title='bbox 781 439 895 448; x_wconf 71' lang='lat'>----.-—</span> <span class='ocrx_word' id='word_1_3' title='bbox 901 443 935 449; x_wconf 74' lang='lat'>-.</span> 
     </span>
    </p>
   </div>
   <div class='ocr_carea' id='block_1_3' title="bbox 155 558 1562 4216">
    <p class='ocr_par' dir='ltr' id='par_1_3' title="bbox 155 558 1562 3486">
     <span class='ocr_line' id='line_1_3' title="bbox 155 558 1561 672; baseline 0 -27"><span class='ocrx_word' id='word_1_4' title='bbox 155 558 420 672; x_wconf 86' lang='lat' dir='ltr'>Treysama¹)</span> <span class='ocrx_word' id='word_1_5' title='bbox 454 562 718 670; x_wconf 84' lang='lat' dir='ltr'>pertransiuit</span> <span class='ocrx_word' id='word_1_6' title='bbox 750 563 999 670; x_wconf 87' lang='lat' dir='ltr'>eaptiuando</span> <span class='ocrx_word' id='word_1_7' title='bbox 1033 590 1166 670; x_wconf 85' lang='lat' dir='ltr'>usqne</span> <span class='ocrx_word' id='word_1_8' title='bbox 1199 563 1409 645; x_wconf 71' lang='lat' dir='ltr'>ciuitatem</span> <span class='ocrx_word' id='word_1_9' title='bbox 1433 564 1561 646; x_wconf 90' lang='lat' dir='ltr'>Tulli·</span> 
     </span>
     <span class='ocr_line' id='line_1_4' title="bbox 156 681 1561 796; baseline 0.001 -28"><span class='ocrx_word' id='word_1_10' title='bbox 156 681 308 794; x_wconf 77' lang='lat' dir='ltr'>nam²),</span> <span class='ocrx_word' id='word_1_11' title='bbox 351 686 390 767; x_wconf 92' lang='lat' dir='ltr'>in</span> <span class='ocrx_word' id='word_1_12' title='bbox 426 711 510 793; x_wconf 91' lang='lat' dir='ltr'>qua</span> <span class='ocrx_word' id='word_1_13' title='bbox 552 686 822 793; x_wconf 85' lang='lat' dir='ltr'>pernoctauit.</span> <span class='ocrx_word' id='word_1_14' title='bbox 864 687 1035 767; x_wconf 78' lang='lat' dir='ltr'>Factum</span> <span class='ocrx_word' id='word_1_15' title='bbox 1079 698 1218 767; x_wconf 88' lang='lat' dir='ltr'>antem</span> <span class='ocrx_word' id='word_1_16' title='bbox 1261 700 1324 768; x_wconf 84' lang='lat' dir='ltr'>est</span> <span class='ocrx_word' id='word_1_17' title='bbox 1365 688 1444 769; x_wconf 81' lang='lat' dir='ltr'>lroo</span> <span class='ocrx_word' id='word_1_18' title='bbox 1480 684 1561 796; x_wconf 73' lang='lat' dir='ltr'>in³l</span> 
     </span>
     <span class='ocr_line' id='line_1_5' title="bbox 156 802 1559 917; baseline -0.001 -26"><span class='ocrx_word' id='word_1_19' title='bbox 156 809 341 891; x_wconf 78' lang='lat' dir='ltr'>secunda</span> <span class='ocrx_word' id='word_1_20' title='bbox 372 802 805 915; x_wconf 68' lang='lat' dir='ltr'>fe1·iasexagesirne⁴)</span> <span class='ocrx_word' id='word_1_21' title='bbox 840 836 864 889; x_wconf 92' lang='lat' dir='ltr'>a</span> <span class='ocrx_word' id='word_1_22' title='bbox 896 810 1140 915; x_wconf 78' lang='lat' dir='ltr'>crepusculo</span> <span class='ocrx_word' id='word_1_23' title='bbox 1176 835 1306 916; x_wconf 87' lang='lat' dir='ltr'>usqne</span> <span class='ocrx_word' id='word_1_24' title='bbox 1318 805 1348 917; x_wconf 84' lang='lat'>⁵)</span> <span class='ocrx_word' id='word_1_25' title='bbox 1383 823 1559 891; x_wconf 83' lang='lat' dir='ltr'>noctem.</span> 
     </span>
     <span class='ocr_line' id='line_1_6' title="bbox 157 929 1561 1038; baseline 0.001 -26"><span class='ocrx_word' id='word_1_26' title='bbox 157 929 278 1012; x_wconf 86' lang='lat' dir='ltr'>Mane</span> <span class='ocrx_word' id='word_1_27' title='bbox 320 944 460 1013; x_wconf 87' lang='lat' dir='ltr'>autem</span> <span class='ocrx_word' id='word_1_28' title='bbox 501 933 610 1013; x_wconf 80' lang='lat' dir='ltr'>laeto</span> <span class='ocrx_word' id='word_1_29' title='bbox 653 958 746 1011; x_wconf 80' lang='lat' dir='ltr'>euni</span> <span class='ocrx_word' id='word_1_30' title='bbox 793 930 1079 1012; x_wconf 79' lang='lat' dir='ltr'>innumerabili</span> <span class='ocrx_word' id='word_1_31' title='bbox 1126 932 1389 1013; x_wconf 90' lang='lat' dir='ltr'>multitudine</span> <span class='ocrx_word' id='word_1_32' title='bbox 1432 932 1561 1038; x_wconf 84' lang='lat' dir='ltr'>capti·</span> 
     </span>
     <span class='ocr_line' id='line_1_7' title="bbox 156 1053 1561 1159; baseline 0.001 -25"><span class='ocrx_word' id='word_1_33' title='bbox 156 1080 317 1156; x_wconf 89' lang='lat' dir='ltr'>norum,</span> <span class='ocrx_word' id='word_1_34' title='bbox 361 1055 401 1135; x_wconf 93' lang='lat' dir='ltr'>in</span> <span class='ocrx_word' id='word_1_35' title='bbox 446 1053 697 1159; x_wconf 88' lang='lat' dir='ltr'>Hnngariam</span> <span class='ocrx_word' id='word_1_36' title='bbox 732 1054 885 1136; x_wconf 84' lang='lat' dir='ltr'>reuersi</span> <span class='ocrx_word' id='word_1_37' title='bbox 928 1068 1026 1135; x_wconf 90' lang='lat' dir='ltr'>sunt</span> <span class='ocrx_word' id='word_1_38' title='bbox 1068 1054 1308 1159; x_wconf 79' lang='lat' dir='ltr'><strong>gaudentes.</strong></span> <span class='ocrx_word' id='word_1_39' title='bbox 1350 1054 1446 1136; x_wconf 82' lang='lat' dir='ltr'>Post</span> <span class='ocrx_word' id='word_1_40' title='bbox 1484 1055 1561 1135; x_wconf 80' lang='lat' dir='ltr'>lieo</span> 
     </span>
     <span class='ocr_line' id='line_1_8' title="bbox 156 1175 1560 1284; baseline 0 -28"><span class='ocrx_word' id='word_1_41' title='bbox 156 1176 268 1259; x_wconf 87' lang='lat' dir='ltr'>misit</span> <span class='ocrx_word' id='word_1_42' title='bbox 301 1176 519 1259; x_wconf 78' lang='lat' dir='ltr'>bellatores</span> <span class='ocrx_word' id='word_1_43' title='bbox 551 1178 676 1258; x_wconf 85' lang='lat' dir='ltr'>l&#39;ortes</span> <span class='ocrx_word' id='word_1_44' title='bbox 711 1176 749 1254; x_wconf 96' lang='lat' dir='ltr'>in</span> <span class='ocrx_word' id='word_1_45' title='bbox 785 1175 1050 1278; x_wconf 83' lang='lat' dir='ltr'>Corinthiam,</span> <span class='ocrx_word' id='word_1_46' title='bbox 1085 1177 1154 1282; x_wconf 88' lang='lat' dir='ltr'>qui</span> <span class='ocrx_word' id='word_1_47' title='bbox 1199 1177 1397 1282; x_wconf 91' lang='lat' dir='ltr'>plurimos</span> <span class='ocrx_word' id='word_1_48' title='bbox 1431 1177 1560 1284; x_wconf 87' lang='lat' dir='ltr'>capti·</span> 
     </span>
     <span class='ocr_line' id='line_1_9' title="bbox 156 1294 1560 1408; baseline -0.001 -28"><span class='ocrx_word' id='word_1_49' title='bbox 156 1324 232 1380; x_wconf 89' lang='lat' dir='ltr'>uos</span> <span class='ocrx_word' id='word_1_50' title='bbox 273 1298 425 1381; x_wconf 83' lang='lat' dir='ltr'>ibidem</span> <span class='ocrx_word' id='word_1_51' title='bbox 470 1312 690 1408; x_wconf 84' lang='lat' dir='ltr'>oeperunt,</span> <span class='ocrx_word' id='word_1_52' title='bbox 735 1312 775 1377; x_wconf 86' lang='lat' dir='ltr'>et</span> <span class='ocrx_word' id='word_1_53' title='bbox 818 1299 856 1378; x_wconf 93' lang='lat' dir='ltr'>iu</span> <span class='ocrx_word' id='word_1_54' title='bbox 902 1296 1153 1404; x_wconf 90' lang='lat' dir='ltr'>Hungariam</span> <span class='ocrx_word' id='word_1_55' title='bbox 1196 1294 1458 1405; x_wconf 75' lang='lat' dir='ltr'>re‹·lierunt⁶).</span> <span class='ocrx_word' id='word_1_56' title='bbox 1502 1298 1560 1379; x_wconf 87' lang='lat' dir='ltr'>Eo</span> 
     </span>
     <span class='ocr_line' id='line_1_10' title="bbox 157 1420 1559 1529; baseline -0.001 -27"><span class='ocrx_word' id='word_1_57' title='bbox 157 1433 343 1529; x_wconf 83' lang='lat' dir='ltr'>tempore</span> <span class='ocrx_word' id='word_1_58' title='bbox 378 1421 503 1503; x_wconf 87' lang='lat' dir='ltr'>Cesar</span> <span class='ocrx_word' id='word_1_59' title='bbox 543 1447 670 1529; x_wconf 86' lang='lat' dir='ltr'>pasca</span> <span class='ocrx_word' id='word_1_60' title='bbox 710 1421 863 1501; x_wconf 88' lang='lat' dir='ltr'>domini</span> <span class='ocrx_word' id='word_1_61' title='bbox 907 1420 1076 1502; x_wconf 78' lang='lat' dir='ltr'>Colonie</span> <span class='ocrx_word' id='word_1_62' title='bbox 1120 1420 1356 1523; x_wconf 75' lang='lat' dir='ltr'>celebrauit,</span> <span class='ocrx_word' id='word_1_63' title='bbox 1391 1435 1432 1501; x_wconf 90' lang='lat' dir='ltr'>et</span> <span class='ocrx_word' id='word_1_64' title='bbox 1464 1449 1559 1502; x_wconf 78' lang='lat' dir='ltr'>oum</span> 
     </span>
     <span class='ocr_line' id='line_1_11' title="bbox 158 1542 1561 1651; baseline -0.001 -27"><span class='ocrx_word' id='word_1_65' title='bbox 158 1544 414 1651; x_wconf 78' lang='lat' dir='ltr'>principibus</span> <span class='ocrx_word' id='word_1_66' title='bbox 441 1544 531 1625; x_wconf 87' lang='lat' dir='ltr'>suis</span> <span class='ocrx_word' id='word_1_67' title='bbox 565 1542 804 1625; x_wconf 79' lang='lat' dir='ltr'>consiliatus</span> <span class='ocrx_word' id='word_1_68' title='bbox 838 1558 910 1645; x_wconf 82' lang='lat' dir='ltr'>est,</span> <span class='ocrx_word' id='word_1_69' title='bbox 946 1544 1122 1651; x_wconf 89' lang='lat' dir='ltr'>qualiter</span> <span class='ocrx_word' id='word_1_70' title='bbox 1154 1570 1280 1648; x_wconf 88' lang='lat' dir='ltr'>regno</span> <span class='ocrx_word' id='word_1_71' title='bbox 1301 1571 1376 1625; x_wconf 90' lang='lat' dir='ltr'>suo</span> <span class='ocrx_word' id='word_1_72' title='bbox 1411 1543 1561 1625; x_wconf 88' lang='lat' dir='ltr'>iniuste</span> 
     </span>
     <span class='ocr_line' id='line_1_12' title="bbox 157 1665 1561 1772; baseline -0.001 -26"><span class='ocrx_word' id='word_1_73' title='bbox 157 1665 311 1746; x_wconf 88' lang='lat' dir='ltr'>illatam</span> <span class='ocrx_word' id='word_1_74' title='bbox 346 1667 399 1747; x_wconf 91' lang='lat' dir='ltr'>ab</span> <span class='ocrx_word' id='word_1_75' title='bbox 433 1666 627 1772; x_wconf 87' lang='lat' dir='ltr'>hungaris</span> <span class='ocrx_word' id='word_1_76' title='bbox 661 1665 848 1746; x_wconf 89' lang='lat' dir='ltr'>iniuriam</span> <span class='ocrx_word' id='word_1_77' title='bbox 892 1667 1063 1747; x_wconf 79' lang='lat' dir='ltr'>deberet</span> <span class='ocrx_word' id='word_1_78' title='bbox 1095 1666 1315 1746; x_wconf 76' lang='lat' dir='ltr'>vindicare.</span> <span class='ocrx_word' id='word_1_79' title='bbox 1349 1665 1427 1761; x_wconf 73' lang='lat' dir='ltr'>Qui</span> <span class='ocrx_word' id='word_1_80' title='bbox 1463 1692 1561 1745; x_wconf 86' lang='lat' dir='ltr'>eon·</span> 
     </span>
     <span class='ocr_line' id='line_1_13' title="bbox 159 1787 1561 1894; baseline 0.001 -27"><span class='ocrx_word' id='word_1_81' title='bbox 159 1787 334 1868; x_wconf 79' lang='lat' dir='ltr'>corditer</span> <span class='ocrx_word' id='word_1_82' title='bbox 366 1789 401 1869; x_wconf 90' lang='lat' dir='ltr'>ei</span> <span class='ocrx_word' id='word_1_83' title='bbox 437 1789 745 1889; x_wconf 75' lang='lat' dir='ltr'>consuluerunt,</span> <span class='ocrx_word' id='word_1_84' title='bbox 772 1802 819 1869; x_wconf 92' lang='lat' dir='ltr'>nt</span> <span class='ocrx_word' id='word_1_85' title='bbox 850 1788 1057 1893; x_wconf 85' lang='lat' dir='ltr'>lnmgaros</span> <span class='ocrx_word' id='word_1_86' title='bbox 1091 1789 1159 1894; x_wconf 65' lang='lat' dir='ltr'>alni</span> <span class='ocrx_word' id='word_1_87' title='bbox 1194 1788 1281 1869; x_wconf 87' lang='lat' dir='ltr'>sine</span> <span class='ocrx_word' id='word_1_88' title='bbox 1316 1814 1441 1869; x_wconf 84' lang='lat' dir='ltr'>cansa</span> <span class='ocrx_word' id='word_1_89' title='bbox 1473 1816 1561 1893; x_wconf 88' lang='lat' dir='ltr'>reg·</span> 
     </span>
     <span class='ocr_line' id='line_1_14' title="bbox 159 1911 1562 2017; baseline 0.001 -28"><span class='ocrx_word' id='word_1_90' title='bbox 159 1938 258 1991; x_wconf 88' lang='lat' dir='ltr'>num</span> <span class='ocrx_word' id='word_1_91' title='bbox 293 1938 414 1992; x_wconf 89' lang='lat' dir='ltr'>suum</span> <span class='ocrx_word' id='word_1_92' title='bbox 452 1911 650 1992; x_wconf 77' lang='lat' dir='ltr'>hostiliter</span> <span class='ocrx_word' id='word_1_93' title='bbox 682 1911 911 2017; x_wconf 67' lang='lat' dir='ltr'>irrmrerant</span> <span class='ocrx_word' id='word_1_94' title='bbox 944 1911 1067 1991; x_wconf 85' lang='lat' dir='ltr'>armis</span> <span class='ocrx_word' id='word_1_95' title='bbox 1099 1911 1325 2003; x_wconf 76' lang='lat' dir='ltr'>inuaderet,</span> <span class='ocrx_word' id='word_1_96' title='bbox 1360 1924 1401 1989; x_wconf 88' lang='lat' dir='ltr'>et</span> <span class='ocrx_word' id='word_1_97' title='bbox 1433 1911 1562 2016; x_wconf 84' lang='lat' dir='ltr'>eapti·</span> 
     </span>
     <span class='ocr_line' id='line_1_15' title="bbox 159 2032 1561 2138; baseline -0.001 -25"><span class='ocrx_word' id='word_1_98' title='bbox 159 2058 235 2113; x_wconf 87' lang='lat' dir='ltr'>nos</span> <span class='ocrx_word' id='word_1_99' title='bbox 268 2060 365 2115; x_wconf 88' lang='lat' dir='ltr'>snos</span> <span class='ocrx_word' id='word_1_100' title='bbox 398 2035 451 2114; x_wconf 93' lang='lat' dir='ltr'>ab</span> <span class='ocrx_word' id='word_1_101' title='bbox 485 2060 626 2113; x_wconf 86' lang='lat' dir='ltr'>eornm</span> <span class='ocrx_word' id='word_1_102' title='bbox 666 2034 1111 2113; x_wconf 82' lang='lat' dir='ltr'>seruituteliberaret.</span> <span class='ocrx_word' id='word_1_103' title='bbox 1145 2032 1274 2112; x_wconf 85' lang='lat' dir='ltr'>blouit</span> <span class='ocrx_word' id='word_1_104' title='bbox 1315 2033 1454 2138; x_wconf 83' lang='lat' dir='ltr'>itaque</span> <span class='ocrx_word' id='word_1_105' title='bbox 1488 2061 1561 2111; x_wconf 79' lang='lat' dir='ltr'>ex-</span> 
     </span>
     <span class='ocr_line' id='line_1_16' title="bbox 159 2150 1562 2262; baseline 0 -29"><span class='ocrx_word' id='word_1_106' title='bbox 159 2155 418 2262; x_wconf 82' lang='lat' dir='ltr'>pedicionem</span> <span class='ocrx_word' id='word_1_107' title='bbox 461 2157 685 2260; x_wconf 86' lang='lat' dir='ltr'>ingentem,</span> <span class='ocrx_word' id='word_1_108' title='bbox 719 2171 760 2234; x_wconf 88' lang='lat' dir='ltr'>et</span> <span class='ocrx_word' id='word_1_109' title='bbox 801 2156 970 2236; x_wconf 81' lang='lat' dir='ltr'>oonsilio</span> <span class='ocrx_word' id='word_1_110' title='bbox 1004 2150 1235 2261; x_wconf 77' lang='lat' dir='ltr'>Vratizlai⁷)</span> <span class='ocrx_word' id='word_1_111' title='bbox 1277 2154 1393 2235; x_wconf 79' lang='lat' dir='ltr'>ducis</span> <span class='ocrx_word' id='word_1_112' title='bbox 1436 2153 1562 2235; x_wconf 89' lang='lat' dir='ltr'>bobe-</span> 
     </span>
     <span class='ocr_line' id='line_1_17' title="bbox 159 2276 1559 2385; baseline -0.001 -29"><span class='ocrx_word' id='word_1_113' title='bbox 159 2303 319 2358; x_wconf 89' lang='lat' dir='ltr'>morum</span> <span class='ocrx_word' id='word_1_114' title='bbox 364 2303 417 2357; x_wconf 84' lang='lat' dir='ltr'>ex</span> <span class='ocrx_word' id='word_1_115' title='bbox 460 2277 687 2384; x_wconf 77' lang='lat' dir='ltr'>aquilonari</span> <span class='ocrx_word' id='word_1_116' title='bbox 733 2291 847 2383; x_wconf 86' lang='lat' dir='ltr'>parte.</span> <span class='ocrx_word' id='word_1_117' title='bbox 893 2276 1071 2385; x_wconf 82' lang='lat' dir='ltr'>llannby</span> <span class='ocrx_word' id='word_1_118' title='bbox 1105 2277 1219 2357; x_wconf 79' lang='lat' dir='ltr'>venit</span> <span class='ocrx_word' id='word_1_119' title='bbox 1251 2277 1299 2355; x_wconf 91' lang='lat' dir='ltr'>ad</span> <span class='ocrx_word' id='word_1_120' title='bbox 1335 2276 1559 2357; x_wconf 72' lang='lat' dir='ltr'>eliminium</span> 
     </span>
     <span class='ocr_line' id='line_1_18' title="bbox 159 2398 1560 2506; baseline -0.001 -27"><span class='ocrx_word' id='word_1_121' title='bbox 159 2398 380 2504; x_wconf 85' lang='lat' dir='ltr'>Hungarie.</span> <span class='ocrx_word' id='word_1_122' title='bbox 430 2400 568 2503; x_wconf 83' lang='lat' dir='ltr'>Legati</span> <span class='ocrx_word' id='word_1_123' title='bbox 616 2427 713 2479; x_wconf 76' lang='lat' dir='ltr'>vero</span> <span class='ocrx_word' id='word_1_124' title='bbox 758 2400 1034 2503; x_wconf 86' lang='lat' dir='ltr'>lmngarmnm</span> <span class='ocrx_word' id='word_1_125' title='bbox 1087 2398 1359 2506; x_wconf 76' lang='lat' dir='ltr'>prrnniserant</span> <span class='ocrx_word' id='word_1_126' title='bbox 1402 2398 1560 2499; x_wconf 76' lang='lat' dir='ltr'>Cesari,</span> 
     </span>
     <span class='ocr_line' id='line_1_19' title="bbox 160 2520 1560 2628; baseline 0.001 -30"><span class='ocrx_word' id='word_1_127' title='bbox 160 2523 270 2628; x_wconf 84' lang='lat' dir='ltr'>qrrod</span> <span class='ocrx_word' id='word_1_128' title='bbox 304 2521 485 2625; x_wconf 81' lang='lat' dir='ltr'>hungari</span> <span class='ocrx_word' id='word_1_129' title='bbox 511 2523 551 2602; x_wconf 95' lang='lat' dir='ltr'>in</span> <span class='ocrx_word' id='word_1_130' title='bbox 579 2523 772 2603; x_wconf 90' lang='lat' dir='ltr'>onmibus</span> <span class='ocrx_word' id='word_1_131' title='bbox 806 2535 961 2602; x_wconf 84' lang='lat' dir='ltr'>starent</span> <span class='ocrx_word' id='word_1_132' title='bbox 994 2523 1042 2601; x_wconf 89' lang='lat' dir='ltr'>ad</span> <span class='ocrx_word' id='word_1_133' title='bbox 1074 2521 1319 2601; x_wconf 87' lang='lat' dir='ltr'>marrdatum</span> <span class='ocrx_word' id='word_1_134' title='bbox 1354 2521 1454 2620; x_wconf 84' lang='lat' dir='ltr'>eins,</span> <span class='ocrx_word' id='word_1_135' title='bbox 1484 2520 1560 2601; x_wconf 89' lang='lat' dir='ltr'>nisi</span> 
     </span>
     <span class='ocr_line' id='line_1_20' title="bbox 160 2640 1561 2751; baseline -0.004 -27"><span class='ocrx_word' id='word_1_136' title='bbox 160 2644 258 2751; x_wconf 89' lang='lat' dir='ltr'>quia</span> <span class='ocrx_word' id='word_1_137' title='bbox 288 2644 453 2726; x_wconf 88' lang='lat' dir='ltr'>Petrum</span> <span class='ocrx_word' id='word_1_138' title='bbox 488 2646 529 2724; x_wconf 93' lang='lat' dir='ltr'>in</span> <span class='ocrx_word' id='word_1_139' title='bbox 563 2671 700 2749; x_wconf 88' lang='lat' dir='ltr'>regem</span> <span class='ocrx_word' id='word_1_140' title='bbox 735 2673 817 2724; x_wconf 90' lang='lat' dir='ltr'>non</span> <span class='ocrx_word' id='word_1_141' title='bbox 855 2645 1133 2749; x_wconf 76' lang='lat' dir='ltr'>suseipment3</span> <span class='ocrx_word' id='word_1_142' title='bbox 1167 2643 1275 2751; x_wconf 87' lang='lat' dir='ltr'>qnod</span> <span class='ocrx_word' id='word_1_143' title='bbox 1312 2656 1449 2722; x_wconf 87' lang='lat' dir='ltr'>tamen</span> <span class='ocrx_word' id='word_1_144' title='bbox 1484 2640 1561 2723; x_wconf 81' lang='lat' dir='ltr'>Ce-</span> 
     </span>
     <span class='ocr_line' id='line_1_21' title="bbox 157 2765 1562 2874; baseline -0.003 -26"><span class='ocrx_word' id='word_1_145' title='bbox 157 2792 226 2848; x_wconf 87' lang='lat' dir='ltr'>sar</span> <span class='ocrx_word' id='word_1_146' title='bbox 264 2793 529 2874; x_wconf 87' lang='lat' dir='ltr'>suunnopere</span> <span class='ocrx_word' id='word_1_147' title='bbox 573 2767 768 2874; x_wconf 72' lang='lat' dir='ltr'>perlicere</span> <span class='ocrx_word' id='word_1_148' title='bbox 812 2768 1043 2867; x_wconf 79' lang='lat' dir='ltr'>all&#39;ortabat,</span> <span class='ocrx_word' id='word_1_149' title='bbox 1078 2767 1281 2870; x_wconf 87' lang='lat' dir='ltr'>obligatus</span> <span class='ocrx_word' id='word_1_150' title='bbox 1323 2765 1432 2844; x_wconf 80' lang='lat' dir='ltr'>euim</span> <span class='ocrx_word' id='word_1_151' title='bbox 1477 2777 1562 2844; x_wconf 84' lang='lat' dir='ltr'>erat</span> 
     </span>
     <span class='ocr_line' id='line_1_22' title="bbox 158 2884 1560 2996; baseline -0.002 -28"><span class='ocrx_word' id='word_1_152' title='bbox 158 2884 317 2994; x_wconf 66' lang='lat' dir='ltr'>Peri-0⁸)</span> <span class='ocrx_word' id='word_1_153' title='bbox 352 2888 634 2996; x_wconf 71' lang='lat' dir='ltr'>promissione,</span> <span class='ocrx_word' id='word_1_154' title='bbox 669 2890 777 2995; x_wconf 86' lang='lat' dir='ltr'>quod</span> <span class='ocrx_word' id='word_1_155' title='bbox 814 2889 850 2968; x_wconf 88' lang='lat' dir='ltr'>ei</span> <span class='ocrx_word' id='word_1_156' title='bbox 885 2917 1055 2992; x_wconf 86' lang='lat' dir='ltr'>regnum</span> <span class='ocrx_word' id='word_1_157' title='bbox 1102 2889 1344 2969; x_wconf 82' lang='lat' dir='ltr'>restitueret.</span> <span class='ocrx_word' id='word_1_158' title='bbox 1380 2886 1560 2990; x_wconf 89' lang='lat' dir='ltr'>[lungari</span> 
     </span>
     <span class='ocr_line' id='line_1_23' title="bbox 158 3009 1561 3108; baseline -0.001 -18"><span class='ocrx_word' id='word_1_159' title='bbox 158 3036 255 3090; x_wconf 78' lang='lat' dir='ltr'>vero</span> <span class='ocrx_word' id='word_1_160' title='bbox 297 3010 534 3092; x_wconf 90' lang='lat' dir='ltr'>nullatenus</span> <span class='ocrx_word' id='word_1_161' title='bbox 577 3025 886 3108; x_wconf 76' lang='lat' dir='ltr'>eorrsenserunt,</span> <span class='ocrx_word' id='word_1_162' title='bbox 921 3028 961 3090; x_wconf 85' lang='lat' dir='ltr'>et</span> <span class='ocrx_word' id='word_1_163' title='bbox 1003 3011 1136 3092; x_wconf 79' lang='lat' dir='ltr'>missis</span> <span class='ocrx_word' id='word_1_164' title='bbox 1179 3011 1432 3107; x_wconf 83' lang='lat' dir='ltr'>nnmeribus,</span> <span class='ocrx_word' id='word_1_165' title='bbox 1467 3009 1561 3088; x_wconf 87' lang='lat' dir='ltr'>data</span> 
     </span>
     <span class='ocr_line' id='line_1_24' title="bbox 159 3131 1560 3240; baseline -0.001 -29"><span class='ocrx_word' id='word_1_166' title='bbox 159 3159 326 3240; x_wconf 84' lang='lat' dir='ltr'>qnoque</span> <span class='ocrx_word' id='word_1_167' title='bbox 360 3133 452 3233; x_wconf 78' lang='lat' dir='ltr'>lide,</span> <span class='ocrx_word' id='word_1_168' title='bbox 486 3135 595 3240; x_wconf 80' lang='lat' dir='ltr'>qrrod</span> <span class='ocrx_word' id='word_1_169' title='bbox 631 3134 817 3239; x_wconf 74' lang='lat' dir='ltr'>captiuos</span> <span class='ocrx_word' id='word_1_170' title='bbox 858 3134 1161 3213; x_wconf 83' lang='lat' dir='ltr'>terrlonieormn</span> <span class='ocrx_word' id='word_1_171' title='bbox 1204 3133 1316 3213; x_wconf 85' lang='lat' dir='ltr'>abire</span> <span class='ocrx_word' id='word_1_172' title='bbox 1350 3131 1560 3237; x_wconf 80' lang='lat' dir='ltr'>permitte-</span> 
     </span>
     <span class='ocr_line' id='line_1_25' title="bbox 158 3247 1560 3363; baseline -0.001 -30"><span class='ocrx_word' id='word_1_173' title='bbox 158 3272 260 3355; x_wconf 85' lang='lat' dir='ltr'>rent,</span> <span class='ocrx_word' id='word_1_174' title='bbox 282 3254 407 3337; x_wconf 88' lang='lat' dir='ltr'>Cesar</span> <span class='ocrx_word' id='word_1_175' title='bbox 438 3257 556 3363; x_wconf 74' lang='lat' dir='ltr'>redyt</span> <span class='ocrx_word' id='word_1_176' title='bbox 587 3257 828 3336; x_wconf 80' lang='lat' dir='ltr'>festinanter</span> <span class='ocrx_word' id='word_1_177' title='bbox 861 3270 1003 3335; x_wconf 77' lang='lat' dir='ltr'>eornra</span> <span class='ocrx_word' id='word_1_178' title='bbox 1036 3255 1213 3335; x_wconf 83' lang='lat' dir='ltr'>insultus</span> <span class='ocrx_word' id='word_1_179' title='bbox 1247 3247 1461 3358; x_wconf 60' lang='lat' dir='ltr'>(trutlind)</span> <span class='ocrx_word' id='word_1_180' title='bbox 1484 3252 1560 3332; x_wconf 87' lang='lat' dir='ltr'>‹lu-</span> 
     </span>
     <span class='ocr_line' id='line_1_26' title="bbox 159 3376 1114 3486; baseline 0.002 -31"><span class='ocrx_word' id='word_1_181' title='bbox 159 3376 217 3456; x_wconf 85' lang='lat' dir='ltr'>ois</span> <span class='ocrx_word' id='word_1_182' title='bbox 249 3376 576 3482; x_wconf 81' lang='lat' dir='ltr'>Lotoringonun,</span> <span class='ocrx_word' id='word_1_183' title='bbox 610 3378 678 3486; x_wconf 80' lang='lat' dir='ltr'>lily</span> <span class='ocrx_word' id='word_1_184' title='bbox 713 3379 829 3457; x_wconf 75' lang='lat' dir='ltr'>(lueis</span> <span class='ocrx_word' id='word_1_185' title='bbox 863 3376 1114 3485; x_wconf 71' lang='lat' dir='ltr'>(litzaylonis.</span> 
     </span>
    </p>

    <p class='ocr_par' dir='ltr' id='par_1_4' title="bbox 158 3493 1561 4216">
     <span class='ocr_line' id='line_1_27' title="bbox 318 3493 1561 3606; baseline -0.002 -28"><span class='ocrx_word' id='word_1_186' title='bbox 318 3496 391 3578; x_wconf 78' lang='lat'>75.</span> <span class='ocrx_word' id='word_1_187' title='bbox 420 3498 617 3606; x_wconf 72' lang='lat' dir='ltr'>Sarmenti</span> <span class='ocrx_word' id='word_1_188' title='bbox 651 3527 760 3580; x_wconf 92' lang='lat' dir='ltr'>anno</span> <span class='ocrx_word' id='word_1_189' title='bbox 804 3499 896 3580; x_wconf 75' lang='lat' dir='ltr'>aba</span> <span class='ocrx_word' id='word_1_190' title='bbox 930 3528 1001 3580; x_wconf 75' lang='lat' dir='ltr'>rex</span> <span class='ocrx_word' id='word_1_191' title='bbox 1047 3499 1182 3579; x_wconf 82' lang='lat' dir='ltr'>missis</span> <span class='ocrx_word' id='word_1_192' title='bbox 1224 3498 1366 3601; x_wconf 82' lang='lat' dir='ltr'>legatis</span> <span class='ocrx_word' id='word_1_193' title='bbox 1399 3496 1448 3577; x_wconf 89' lang='lat' dir='ltr'>ad</span> <span class='ocrx_word' id='word_1_194' title='bbox 1484 3493 1561 3576; x_wconf 82' lang='lat' dir='ltr'>Ce-</span> 
     </span>
     <span class='ocr_line' id='line_1_28' title="bbox 159 3620 1558 3730; baseline -0.003 -30"><span class='ocrx_word' id='word_1_195' title='bbox 159 3646 290 3701; x_wconf 88' lang='lat' dir='ltr'>sarem</span> <span class='ocrx_word' id='word_1_196' title='bbox 337 3647 420 3728; x_wconf 84' lang='lat' dir='ltr'>que</span> <span class='ocrx_word' id='word_1_197' title='bbox 463 3623 575 3730; x_wconf 85' lang='lat' dir='ltr'>pacis</span> <span class='ocrx_word' id='word_1_198' title='bbox 617 3636 715 3702; x_wconf 89' lang='lat' dir='ltr'>snnt</span> <span class='ocrx_word' id='word_1_199' title='bbox 757 3623 968 3728; x_wconf 83' lang='lat' dir='ltr'>querebat,</span> <span class='ocrx_word' id='word_1_200' title='bbox 1014 3621 1256 3729; x_wconf 89' lang='lat' dir='ltr'>promittens</span> <span class='ocrx_word' id='word_1_201' title='bbox 1300 3620 1558 3726; x_wconf 70' lang='lat' dir='ltr'>oalitiuorum</span> 
     </span>
     <span class='ocr_line' id='line_1_29' title="bbox 158 3738 1560 3851; baseline -0.001 -29"><span class='ocrx_word' id='word_1_202' title='bbox 158 3741 438 3824; x_wconf 87' lang='lat' dir='ltr'>dimissionem</span> <span class='ocrx_word' id='word_1_203' title='bbox 481 3771 585 3851; x_wconf 88' lang='lat' dir='ltr'>quos</span> <span class='ocrx_word' id='word_1_204' title='bbox 629 3745 817 3844; x_wconf 85' lang='lat' dir='ltr'>babebat,</span> <span class='ocrx_word' id='word_1_205' title='bbox 853 3772 993 3825; x_wconf 81' lang='lat' dir='ltr'>rorum</span> <span class='ocrx_word' id='word_1_206' title='bbox 1039 3738 1199 3849; x_wconf 82' lang='lat' dir='ltr'>rero¹⁰)</span> <span class='ocrx_word' id='word_1_207' title='bbox 1244 3768 1348 3847; x_wconf 75' lang='lat' dir='ltr'>‹nros</span> <span class='ocrx_word' id='word_1_208' title='bbox 1389 3740 1560 3820; x_wconf 88' lang='lat' dir='ltr'>reddere</span> 
     </span>
     <span class='ocr_line' id='line_1_30' title="bbox 159 3864 1561 3973; baseline -0.001 -29"><span class='ocrx_word' id='word_1_209' title='bbox 159 3890 241 3944; x_wconf 92' lang='lat' dir='ltr'>non</span> <span class='ocrx_word' id='word_1_210' title='bbox 276 3879 436 3971; x_wconf 84' lang='lat' dir='ltr'>poterat</span> <span class='ocrx_word' id='word_1_211' title='bbox 477 3866 723 3970; x_wconf 78' lang='lat' dir='ltr'>condignam</span> <span class='ocrx_word' id='word_1_212' title='bbox 765 3866 1167 3973; x_wconf 73' lang='lat' dir='ltr'>eramiensaoionem.</span> <span class='ocrx_word' id='word_1_213' title='bbox 1201 3864 1326 3946; x_wconf 83' lang='lat' dir='ltr'>Cesar</span> <span class='ocrx_word' id='word_1_214' title='bbox 1360 3889 1454 3943; x_wconf 86' lang='lat' dir='ltr'>vero</span> <span class='ocrx_word' id='word_1_215' title='bbox 1486 3888 1561 3943; x_wconf 92' lang='lat' dir='ltr'>no-</span> 
     </span>
     <span class='ocr_line' id='line_1_31' title="bbox 158 3983 1560 4095; baseline -0.002 -29"><span class='ocrx_word' id='word_1_216' title='bbox 158 3986 238 4067; x_wconf 94' lang='lat' dir='ltr'>lnit</span> <span class='ocrx_word' id='word_1_217' title='bbox 269 3983 480 4095; x_wconf 82' lang='lat' dir='ltr'>paoem¹¹)</span> <span class='ocrx_word' id='word_1_218' title='bbox 520 4015 767 4095; x_wconf 70' lang='lat' dir='ltr'>componere</span> <span class='ocrx_word' id='word_1_219' title='bbox 812 3989 1016 4068; x_wconf 75' lang='lat' dir='ltr'>(limeum</span> <span class='ocrx_word' id='word_1_220' title='bbox 1062 3988 1277 4068; x_wconf 82' lang='lat' dir='ltr'>llanariam</span> <span class='ocrx_word' id='word_1_221' title='bbox 1312 3986 1481 4086; x_wconf 86' lang='lat' dir='ltr'>veniret,</span> <span class='ocrx_word' id='word_1_222' title='bbox 1514 3998 1560 4066; x_wconf 92' lang='lat' dir='ltr'>ut</span> 
     </span>
     <span class='ocr_line' id='line_1_32' title="bbox 161 4107 1560 4216; baseline -0.001 -27"><span class='ocrx_word' id='word_1_223' title='bbox 161 4109 230 4215; x_wconf 90' lang='lat' dir='ltr'>qui</span> <span class='ocrx_word' id='word_1_224' title='bbox 264 4134 337 4216; x_wconf 88' lang='lat' dir='ltr'>per</span> <span class='ocrx_word' id='word_1_225' title='bbox 369 4109 574 4214; x_wconf 87' lang='lat' dir='ltr'>hungaros</span> <span class='ocrx_word' id='word_1_226' title='bbox 614 4110 762 4191; x_wconf 85' lang='lat' dir='ltr'>iniuste</span> <span class='ocrx_word' id='word_1_227' title='bbox 797 4111 867 4191; x_wconf 85' lang='lat' dir='ltr'>lesi</span> <span class='ocrx_word' id='word_1_228' title='bbox 912 4112 1085 4210; x_wconf 81' lang='lat' dir='ltr'>inerant,</span> <span class='ocrx_word' id='word_1_229' title='bbox 1120 4108 1413 4216; x_wconf 78' lang='lat' dir='ltr'>oornposieioni</span> <span class='ocrx_word' id='word_1_230' title='bbox 1447 4107 1560 4215; x_wconf 81' lang='lat' dir='ltr'>panis</span> 
     </span>
    </p>
   </div>
   <div class='ocr_carea' id='block_1_4' title="bbox 159 4334 366 4343">
    <p class='ocr_par' dir='ltr' id='par_1_5' title="bbox 159 4334 366 4343">
     <span class='ocr_line' id='line_1_33' title="bbox 159 4334 366 4343; baseline -0.005 -1"><span class='ocrx_word' id='word_1_231' title='bbox 159 4334 366 4343; x_wconf 51' lang='grc'>*-</span> 
     </span>
    </p>
   </div>
   <div class='ocr_carea' id='block_1_5' title="bbox 158 4433 1559 4846">
    <p class='ocr_par' dir='ltr' id='par_1_6' title="bbox 158 4433 1559 4846">
     <span class='ocr_line' id='line_1_34' title="bbox 318 4433 1557 4534; baseline -0.003 -22"><span class='ocrx_word' id='word_1_232' title='bbox 318 4433 345 4519; x_wconf 88' lang='lat'>¹)</span> <span class='ocrx_word' id='word_1_233' title='bbox 368 4439 566 4534; x_wconf 79' lang='lat' dir='ltr'>Traysanra.</span> <span class='ocrx_word' id='word_1_234' title='bbox 587 4442 656 4514; x_wconf 89' lang='lat' dir='ltr'>VP.</span> <span class='ocrx_word' id='word_1_235' title='bbox 687 4442 860 4534; x_wconf 76' lang='lat' dir='ltr'>Treysnn..</span> <span class='ocrx_word' id='word_1_236' title='bbox 881 4440 929 4514; x_wconf 90' lang='lat' dir='ltr'>V.</span> <span class='ocrx_word' id='word_1_237' title='bbox 961 4434 986 4516; x_wconf 80' lang='lat'>²)</span> <span class='ocrx_word' id='word_1_238' title='bbox 1010 4441 1166 4513; x_wconf 84' lang='lat' dir='ltr'>Talnam.</span> <span class='ocrx_word' id='word_1_239' title='bbox 1191 4440 1260 4513; x_wconf 91' lang='lat' dir='ltr'>VP.</span> <span class='ocrx_word' id='word_1_240' title='bbox 1292 4436 1319 4520; x_wconf 77' lang='grc'>3)</span> <span class='ocrx_word' id='word_1_241' title='bbox 1343 4463 1409 4511; x_wconf 90' lang='lat' dir='ltr'>om.</span> <span class='ocrx_word' id='word_1_242' title='bbox 1439 4435 1467 4514; x_wconf 86' lang='lat' dir='ltr'>⁴l</span> <span class='ocrx_word' id='word_1_243' title='bbox 1492 4461 1557 4510; x_wconf 83' lang='lat' dir='ltr'>orn.</span> 
     </span>
     <span class='ocr_line' id='line_1_35' title="bbox 158 4537 1559 4624; baseline -0.002 -8"><span class='ocrx_word' id='word_1_244' title='bbox 158 4543 236 4616; x_wconf 89' lang='lat' dir='ltr'>VP.</span> <span class='ocrx_word' id='word_1_245' title='bbox 267 4537 294 4624; x_wconf 71' lang='grc' dir='ltr'>δ)</span> <span class='ocrx_word' id='word_1_246' title='bbox 317 4543 371 4616; x_wconf 83' lang='lat' dir='ltr'>ad.</span> <span class='ocrx_word' id='word_1_247' title='bbox 400 4544 478 4617; x_wconf 85' lang='lat' dir='ltr'>add.</span> <span class='ocrx_word' id='word_1_248' title='bbox 507 4545 577 4619; x_wconf 86' lang='lat' dir='ltr'>VP.</span> <span class='ocrx_word' id='word_1_249' title='bbox 610 4541 634 4621; x_wconf 72' lang='grc'>6)</span> <span class='ocrx_word' id='word_1_250' title='bbox 658 4544 830 4621; x_wconf 84' lang='lat' dir='ltr'>Golhlridi</span> <span class='ocrx_word' id='word_1_251' title='bbox 867 4543 1074 4618; x_wconf 77' lang='lat' dir='ltr'>rnmehionis</span> <span class='ocrx_word' id='word_1_252' title='bbox 1111 4547 1204 4617; x_wconf 88' lang='lat' dir='ltr'>solus</span> <span class='ocrx_word' id='word_1_253' title='bbox 1232 4545 1311 4618; x_wconf 79' lang='lat' dir='ltr'>God.</span> <span class='ocrx_word' id='word_1_254' title='bbox 1341 4544 1414 4617; x_wconf 91' lang='lat' dir='ltr'>VP.</span> <span class='ocrx_word' id='word_1_255' title='bbox 1444 4542 1559 4614; x_wconf 89' lang='lat' dir='ltr'>momi-</span> 
     </span>
     <span class='ocr_line' id='line_1_36' title="bbox 158 4645 1557 4743; baseline -0.001 -23"><span class='ocrx_word' id='word_1_256' title='bbox 158 4647 221 4721; x_wconf 84' lang='lat' dir='ltr'>nit.</span> <span class='ocrx_word' id='word_1_257' title='bbox 250 4645 294 4720; x_wconf 80' lang='lat' dir='ltr'>A.</span> <span class='ocrx_word' id='word_1_258' title='bbox 322 4648 366 4721; x_wconf 93' lang='grc' dir='ltr'>Β.</span> <span class='ocrx_word' id='word_1_259' title='bbox 397 4649 433 4723; x_wconf 90' lang='lat' dir='ltr'>S.</span> <span class='ocrx_word' id='word_1_260' title='bbox 462 4649 503 4723; x_wconf 87' lang='lat' dir='ltr'>V.</span> <span class='ocrx_word' id='word_1_261' title='bbox 529 4671 604 4721; x_wconf 82' lang='lat' dir='ltr'>omn</span> <span class='ocrx_word' id='word_1_262' title='bbox 631 4658 748 4722; x_wconf 84' lang='lat' dir='ltr'>nostro</span> <span class='ocrx_word' id='word_1_263' title='bbox 785 4649 920 4722; x_wconf 82' lang='lat' dir='ltr'>silentio</span> <span class='ocrx_word' id='word_1_264' title='bbox 949 4654 1180 4743; x_wconf 83' lang='lat' dir='ltr'>praetereunt.</span> <span class='ocrx_word' id='word_1_265' title='bbox 1210 4648 1285 4721; x_wconf 81' lang='lat' dir='ltr'>vida</span> <span class='ocrx_word' id='word_1_266' title='bbox 1312 4650 1415 4720; x_wconf 79' lang='lat' dir='ltr'>Font.</span> <span class='ocrx_word' id='word_1_267' title='bbox 1445 4648 1493 4718; x_wconf 91' lang='lat' dir='ltr'>Il.</span> <span class='ocrx_word' id='word_1_268' title='bbox 1523 4669 1557 4738; x_wconf 82' lang='lat' dir='ltr'>p.</span> 
     </span>
     <span class='ocr_line' id='line_1_37' title="bbox 161 4744 1557 4846; baseline -0.004 -19"><span class='ocrx_word' id='word_1_269' title='bbox 161 4755 246 4827; x_wconf 81' lang='lat'><strong>148.</strong></span> <span class='ocrx_word' id='word_1_270' title='bbox 287 4744 314 4833; x_wconf 73' lang='lat'>²)</span> <span class='ocrx_word' id='word_1_271' title='bbox 343 4752 530 4826; x_wconf 83' lang='lat' dir='ltr'>Baralnlai.</span> <span class='ocrx_word' id='word_1_272' title='bbox 565 4754 638 4827; x_wconf 85' lang='lat' dir='ltr'>VP.</span> <span class='ocrx_word' id='word_1_273' title='bbox 683 4754 870 4827; x_wconf 83' lang='lat' dir='ltr'>ba-ratinlai.</span> <span class='ocrx_word' id='word_1_274' title='bbox 911 4755 945 4827; x_wconf 82' lang='lat' dir='ltr'>S.</span> <span class='ocrx_word' id='word_1_275' title='bbox 980 4753 1171 4826; x_wconf 83' lang='lat' dir='ltr'>barnatilai.</span> <span class='ocrx_word' id='word_1_276' title='bbox 1206 4754 1249 4826; x_wconf 84' lang='grc' dir='ltr'>Α.</span> <span class='ocrx_word' id='word_1_277' title='bbox 1280 4752 1486 4846; x_wconf 74' lang='lat' dir='ltr'>Wradislay.</span> <span class='ocrx_word' id='word_1_278' title='bbox 1516 4750 1557 4823; x_wconf 91' lang='lat' dir='ltr'>V.</span> 
     </span>
    </p>
   </div>
   <div class='ocr_carea' id='block_1_6' title="bbox 160 4853 1557 4940">
    <p class='ocr_par' dir='ltr' id='par_1_7' title="bbox 160 4853 1557 4940">
     <span class='ocr_line' id='line_1_38' title="bbox 160 4853 1557 4940; baseline -0.003 -9"><span class='ocrx_word' id='word_1_279' title='bbox 160 4854 188 4939; x_wconf 79' lang='lat'>⁸)</span> <span class='ocrx_word' id='word_1_280' title='bbox 212 4861 435 4934; x_wconf 80' lang='lat' dir='ltr'>sacramento.</span> <span class='ocrx_word' id='word_1_281' title='bbox 474 4858 550 4937; x_wconf 79' lang='lat' dir='ltr'>arld.</span> <span class='ocrx_word' id='word_1_282' title='bbox 580 4858 622 4937; x_wconf 80' lang='lat' dir='ltr'>A.</span> <span class='ocrx_word' id='word_1_283' title='bbox 654 4854 681 4940; x_wconf 78' lang='grc'>9)</span> <span class='ocrx_word' id='word_1_284' title='bbox 706 4857 866 4935; x_wconf 85' lang='lat' dir='ltr'>insultum</span> <span class='ocrx_word' id='word_1_285' title='bbox 906 4859 1096 4934; x_wconf 77' lang='lat' dir='ltr'>Gotlrfruli.</span> <span class='ocrx_word' id='word_1_286' title='bbox 1128 4862 1163 4931; x_wconf 76' lang='lat' dir='ltr'>S.</span> <span class='ocrx_word' id='word_1_287' title='bbox 1198 4853 1237 4935; x_wconf 82' lang='lat'>¹⁰)</span> <span class='ocrx_word' id='word_1_288' title='bbox 1266 4862 1390 4931; x_wconf 90' lang='lat' dir='ltr'>autem.</span> <span class='ocrx_word' id='word_1_289' title='bbox 1424 4853 1464 4938; x_wconf 77' lang='lat'>¹¹)</span> <span class='ocrx_word' id='word_1_290' title='bbox 1492 4878 1557 4928; x_wconf 89' lang='lat' dir='ltr'>mn.</span> 
     </span>
    </p>
   </div>
   <div class='ocr_carea' id='block_1_7' title="bbox 0 0 1804 5490">
    <p class='ocr_par' dir='ltr' id='par_1_8' title="bbox 0 0 1804 5490">
     <span class='ocr_line' id='line_1_39' title="bbox 0 0 1804 5490; baseline 0 0"><span class='ocrx_word' id='word_1_291' title='bbox 0 0 1804 5490; x_wconf 95' lang='lat' dir='ltr'> </span> 
     </span>
    </p>
   </div>
  </div>
 </body>
</html>
