3660 5506
828 336 984 441 Q

207 581 280 638 seu
301 551 489 634 inimiam
510 551 744 635 inferentes.
779 554 1007 637 Audientes
1030 567 1167 638 autem
1195 553 1397 661 terrigene
1421 553 1608 661 reginam

207 676 416 761 Elizabetlr
450 677 682 778 virtutibus,
716 704 876 759 morum
912 679 1137 781 honestate,
1172 694 1213 760 et
1245 678 1474 760 deuocione
1508 705 1609 758 con·

207 801 323 882 tiuua
356 819 401 879 ut
433 800 559 908 sydus
594 800 867 908 prefulgidum
912 803 1081 903 radiare,
1124 827 1172 883 ao
1214 828 1310 884 suos
1353 829 1448 881 cum
1494 800 1608 880 omni

208 922 408 1005 modestia
443 924 698 1030 pertransire,
733 926 955 1006 currebant
986 925 1025 1004 iu
1059 924 1173 1005 vicos
1208 937 1249 1004 et
1281 924 1437 1030 plateas
1466 922 1516 1004 ad
1547 923 1611 1029 ip·

207 1074 294 1129 sam
328 1044 607 1153 aspiciendam
632 1062 673 1126 et
694 1046 937 1152 diligencius
965 1045 1217 1149 intuendam,
1234 1059 1278 1127 et
1295 1045 1481 1128 videntes
1500 1069 1610 1146 earu,

208 1198 303 1251 cum
337 1168 614 1249 admiracione
648 1187 688 1247 et
710 1170 871 1275 gaudio,
891 1169 1014 1251 deum
1033 1168 1285 1251 unanimiter
1301 1168 1611 1269 collaudabant,

207 1291 317 1400 quod
352 1304 434 1372 tam
469 1291 617 1373 nobilis
651 1290 818 1373 domina
853 1304 894 1373 et
934 1309 1017 1373 tam
1061 1292 1228 1374 illustris
1269 1292 1420 1396 regina,
1464 1289 1612 1370 relicto

206 1442 332 1521 regno
374 1429 415 1495 et
456 1414 579 1495 domo
623 1415 735 1494 veuit
775 1442 800 1495 a
842 1415 996 1496 linibus
1039 1415 1182 1495 mnndi
1220 1427 1432 1521 tamquam
1468 1412 1613 1517 regina

209 1531 401 1642 Sabba¹)‚
435 1536 484 1616 ad
520 1536 773 1643 querendam
810 1550 851 1617 et
882 1537 1199 1645 promerendam
1220 1536 1491 1617 clemenciam
1520 1533 1614 1616 Sal·

209 1658 374 1741 natoris.
423 1658 527 1740 Cum
563 1672 700 1742 autern
736 1659 907 1740 Romam
942 1660 982 1740 iu
1016 1653 1163 1765 terra²)
1198 1686 1351 1767 paucos
1387 1658 1475 1740 dies
1515 1657 1610 1737 feli·

211 1782 311 1864 citer
350 1781 618 1888 peruenisset,
664 1796 870 1862 commota
914 1795 976 1864 est
1020 1781 1214 1863 uniuersa
1255 1782 1401 1863 ciuitas
1442 1781 1482 1860 in
1520 1779 1616 1860 eius

210 1904 408 1990 aduentu.
451 1903 512 1984 llli
557 1905 687 1985 eciam
732 1905 783 1984 <le
821 1904 1054 2012 Columpna
1087 1931 1138 1983 ex
1174 1932 1258 1986 una
1291 1916 1404 2010 parte
1437 1902 1612 2003 Tiberis,

211 2041 253 2107 et
285 2025 418 2107 Ursini
454 2052 505 2106 ex
541 2026 619 2107 alia
652 2042 766 2134 parte
800 2040 1046 2133 receperunt
1079 2027 1260 2131 reginam
1295 2054 1390 2107 cum
1427 2025 1614 2105 maximo

212 2149 379 2229 bonore.
413 2147 571 2253 Vulgus
604 2164 742 2230 autem
788 2149 992 2256 reliquum
1035 2177 1083 2230 ac
1128 2149 1347 2256 populares
1389 2146 1527 2252 magni
1574 2160 1617 2227 et

213 2271 343 2378 parui,
377 2271 571 2354 mulieres
605 2285 645 2351 et
678 2272 815 2378 puelle
850 2273 1067 2354 currebant
1104 2272 1174 2352 ubi
1207 2271 1432 2353 transiebat
1458 2269 1614 2374 regina,

213 2407 255 2473 et
288 2393 368 2474 alta
404 2419 504 2474 voce
538 2394 794 2475 clamabant:
829 2393 950 2474 Vivat
983 2394 1121 2499 regina
1155 2393 1375 2500 Hungarie.
1418 2392 1469 2473 Et
1502 2417 1616 2472 reso·

212 2516 341 2596 nabat
373 2530 477 2596 terra
512 2517 551 2596 iu
586 2543 708 2598 voces
730 2544 896 2615 eorum3
929 2529 968 2596 et
987 2531 1153 2623 propter
1170 2544 1253 2596 rem
1273 2516 1372 2596 alias
1392 2514 1615 2614 insolitam,

215 2638 411 2719 videbant
444 2665 588 2720 ornnes
621 2640 763 2746 populi
798 2639 1074 2719 communiter
1106 2666 1157 2717 ex
1181 2652 1352 2745 aspectu
1372 2637 1460 2717 eius
1479 2663 1616 2742 quen·

213 2761 307 2840 darn
342 2760 594 2866 spiritualem
628 2761 802 2842 iubilum
831 2776 1049 2868 reportare,
1084 2761 1332 2842 Perueniens
1357 2772 1496 2840 autern
1516 2772 1615 2839 ante

214 2885 321 2964 fores
355 2883 529 2964 ecclesie
562 2883 670 2965 beati
705 2883 809 2963 Petri
844 2883 1030 2990 apostoli,
1065 2897 1195 2964 tolum
1231 2882 1449 2988 collegium
1477 2907 1616 2961 roura·

215 3034 315 3087 num
351 3006 507 3113 recepit
541 3006 722 3110 reginam
757 3005 1124 3111 processionaliter,
1170 3033 1264 3086 cunr
1300 3030 1450 3108 magna
1483 3003 1616 3108 gloria

215 3143 257 3207 et
293 3128 456 3211 bonore.
494 3127 654 3209 Obtulit
687 3128 865 3233 denique
899 3127 947 3207 ad
983 3128 1109 3208 altare
1145 3128 1251 3208 beati
1294 3127 1400 3206 Petri
1437 3125 1617 3232 apostoli

217 3264 258 3329 et
289 3249 338 3329 ad
374 3249 565 3356 reliquias
598 3249 796 3331 solemnia
837 3276 1006 3330 munera
1041 3250 1079 3329 in
1125 3250 1321 3329 calicibus
1362 3247 1617 3329 ornamentis

217 3370 443 3474 insignibus
478 3385 519 3451 et
549 3371 712 3451 florenis
734 3372 849 3452 iuxta
871 3371 1222 3476 magnificemirnn
1246 3369 1616 3478 regi(68b)nalem.

217 3491 346 3572 Multa
394 3494 524 3574 eciam
570 3494 813 3574 monasteria
859 3495 1065 3594 ecclesias,
1110 3511 1148 3574 et
1192 3507 1426 3574 sauctorum
1470 3491 1618 3571 limina

218 3614 411 3716 visitauit,
446 3642 527 3721 que
559 3616 680 3719 largis
714 3616 889 3724 donarys
923 3631 963 3696 et
996 3618 1208 3723 oll’erlorys
1242 3615 1469 3695 lrouorauit.
1505 3613 1617 3693 lma·

216 3737 353 3841 ginem
389 3738 518 3818 eciam
554 3737 699 3817 (luisti
734 3764 808 3818 seu
844 3738 1099 3827 Veronicarn,
1135 3740 1195 3817 bis
1238 3764 1312 3845 per
1351 3735 1504 3817 scalam
1547 3759 1617 3816 as·

217 3858 433 3938 cendeudo
477 3860 678 3966 permissa.
719 3872 781 3940 est
824 3860 972 3943 clarius
1015 3861 1191 3942 visitare.
1242 3859 1304 3940 ad
1351 3884 1616 3966 quarncum

217 3981 446 4063 deuooione
480 3982 683 4064 accedens
716 4010 880 4064 summo
914 3984 1067 4063 bonore
1101 3997 1142 4063 et
1170 3981 1378 4063 humiliter
1413 3979 1615 4062 adorauit.

217 4101 290 4184 His
323 4103 463 4210 itaque
496 4105 620 4208 gestis
653 4119 778 4212 atque
812 4107 1003 4212 perlectis
1036 4105 1284 4187 valefaciens
1317 4103 1420 4184 infra
1446 4114 1618 4182 octauas

216 4224 348 4306 sarroti
380 4226 585 4309 Francisoi
619 4254 786 4308 reuersa
819 4241 880 4308 est
911 4228 1126 4334 Neapolim
1162 4256 1256 4308 cum
1291 4225 1545 4309 exultatione
1575 4237 1620 4303 et

216 4347 378 4452 gaudio.
414 4346 497 4430 Sua
531 4349 640 4430 enim
674 4349 846 4430 ‹leuocio
885 4350 1043 4431 cunctis
1087 4350 1233 4429 claruit
1275 4348 1314 4427 in
1358 4345 1617 4453 exemplum.

218 4468 324 4551 Cum
373 4469 493 4574 igitur
533 4471 611 4551 hec
652 4471 792 4575 regina
832 4471 872 4550 in
914 4471 1084 4578 Neapoli
1130 4471 1335 4570 resideret,
1374 4481 1414 4549 et
1447 4467 1620 4549 vidisset

218 4619 368 4673 nurum
388 4617 506 4673 suam
525 4592 734 4673 dominam
758 4592 991 4672 ..lolrannanr
1015 4594 1237 4700 superbam
1265 4606 1306 4674 et
1331 4589 1617 4695 ambiciosa-m,

216 4781 423 4792 —-............

377 4845 403 4952 ¹)
431 4848 533 4926 Saba.
565 4844 592 4948 ¹)
621 4849 720 4928 iuter.
