3592 5490
787 328 943 427 mr„

158 539 267 646 garis
297 539 398 623 feeit
430 543 658 625 censuales.
691 543 876 626 Leuente
910 543 1050 648 itaque
1082 552 1130 624 ut
1161 540 1564 649 prediciturmortuo

159 688 235 743 rex
270 660 458 745 Andreas
490 664 602 745 misit
632 665 675 745 in
695 665 903 746 Polnniam
938 664 990 745 ad
1022 664 1199 745 alterum
1230 662 1563 764 tratremBelam,

157 809 313 867 vocans
352 813 448 867 eum
492 787 542 868 ad
586 815 643 870 se.
687 788 766 883 (lui
811 816 905 869 curu
945 786 1056 867 omni
1090 812 1166 867 sua
1197 785 1352 866 familia
1384 784 1567 891 perrexit

158 904 210 987 ad
240 907 451 988 Andreanr
484 936 622 1014 regem
658 925 698 990 et
732 910 869 991 habito
904 908 1072 990 consilio
1107 908 1212 988 inter
1243 908 1354 1015 ipsos
1391 933 1565 1011 regnum

158 1025 200 1107 in
235 1042 318 1113 tres
368 1042 506 1137 partes
549 1031 799 1133 diuisernnt3
843 1058 1017 1138 quarum
1062 1030 1143 1111 (lue
1187 1030 1226 1111 iu
1272 1029 1566 1139 proprietatem

156 1150 264 1255 regis
305 1150 524 1234 inarestate
567 1168 820 1257 manserunt,
866 1153 992 1233 tercia
1035 1166 1148 1259 parte
1192 1153 1231 1232 iu
1270 1151 1564 1259 proprietatem

157 1270 275 1354 ducis
292 1273 392 1354 Bele
424 1274 570 1357 locata.
605 1277 791 1358 Andreas
825 1304 900 1358 rex
934 1276 1055 1356 <luxit
1086 1302 1260 1355 uxorem
1290 1273 1411 1354 filiam
1448 1273 1566 1354 (lucis

166 1392 463 1499 Rutheuorum,
498 1398 548 1479 de
582 1426 665 1505 qna
696 1399 839 1504 genuit
855 1398 1117 1478 Salomonem
1151 1395 1365 1493 etDauid3
1397 1396 1564 1476 decon-

158 1516 313 1597 cubina
345 1531 484 1599 autem
515 1548 640 1626 quam
677 1521 821 1603 babuit
852 1521 903 1599 ‹le
930 1519 1027 1599 rilla
1061 1517 1233 1620 lllorotlr,
1266 1519 1409 1624 genuit
1438 1518 1565 1599 Geor·

160 1637 286 1744 gium.
308 1638 466 1721 Habuit
493 1657 632 1724 autem
655 1642 753 1724 Bela
785 1645 823 1724 in
847 1641 1015 1722 Polonia
1046 1640 1233 1747 primitus
1261 1640 1365 1722 filios
1385 1640 1563 1747 Geysam

157 1772 200 1841 et
231 1760 478 1844 Ladislaum.
507 1765 551 1844 ln
584 1764 794 1871 Hungaria
826 1765 1091 1871 lampertum
1124 1778 1164 1843 et
1200 1762 1314 1844 filias.
1360 1761 1566 1843 Vixerunt

154 1882 295 1989 itaque
322 1910 397 1963 rex
426 1898 468 1965 et
489 1887 575 1967 <lux
595 1888 739 1971 fratres
768 1891 807 1970 in
836 1914 984 1991 magua
1006 1884 1311 1991 tranquillitate.

314 2005 463 2088 38.Εο
491 2024 676 2115 ternpore
705 2011 1006 2093 teutonicorum
1041 2035 1115 2089 rex
1144 2036 1238 2088 cum
1273 2033 1421 2111 magno
1443 2033 1563 2087 exer·

155 2125 240 2207 citu
281 2128 444 2210 obsedit
483 2146 663 2213 castrum
707 2134 851 2225 Posou.¹
894 2133 1036 2213 rolens
1077 2129 1266 2211 iniuriam
1305 2128 1412 2209 Petri
1458 2128 1565 2233 regis

154 2248 377 2353 vindicare,
434 2265 475 2333 et
524 2253 776 2360 Hungariam
833 2285 909 2338 suo
962 2253 1143 2334 dominio
1202 2251 1434 2357 subiugare.
1479 2250 1564 2331 Ex·

157 2371 309 2453 struxit
335 2385 473 2455 autem
505 2377 657 2459 multas
695 2379 907 2459 machinas
947 2375 1114 2458 bellicas
1143 2375 1194 2454 ad
1237 2374 1565 2481 expugnandum

157 2508 355 2597 castrum,
385 2509 426 2576 et
458 2497 621 2580 duobus
651 2501 865 2583 mensibus
896 2498 1123 2581 obsidendo
1158 2496 1282 2577 nichil
1315 2497 1561 2603 profecerat:

157 2615 323 2722 nauigio
357 2620 508 2700 etenim
551 2637 732 2708 venerat.
763 2624 878 2704 Tunc
900 2620 1074 2726 hungari
1103 2620 1173 2727 qui
1210 2620 1249 2699 in
1284 2632 1416 2700 castro
1450 2632 1567 2698 erant

156 2739 357 2820 natator-ie
404 2741 771 2848 prudentissimum
837 2747 1087 2826 inuenerunt
1138 2742 1347 2821 hominem
1399 2740 1565 2820 nomine

155 2858 410 2966 Zothmund,
442 2890 567 2970 quem
606 2868 737 2949 noctis
780 2869 820 2948 in
855 2867 1025 2949 silencio
1062 2864 1112 2945 ad
1151 2890 1279 2944 naues
1304 2861 1560 2969 imperatoris

158 2981 371 3088 miserunt,
405 2987 477 3093 qui
509 2989 588 3069 sub
621 3016 731 3095 aqua
764 2990 933 3071 veniens
967 3015 1096 3069 naues
1130 2985 1364 3092 perforauit,
1399 2985 1469 3090 qui
1496 3011 1565 3065 su·

156 3103 242 3184 bito
274 3106 394 3213 aquis
426 3108 582 3215 replete
615 3126 723 3213 sunt,
758 3128 800 3191 et
830 3111 1023 3220 potencia
1056 3108 1358 3189 teutonicorum
1393 3106 1567 3187 contrita

157 3240 239 3329 est,
281 3240 322 3308 et
354 3229 413 3311 sic
446 3231 669 3314 effeminati
704 3236 974 3341 eneruatique
1008 3232 1165 3313 viribus
1199 3229 1354 3311 reuersi
1386 3228 1566 3310 suntad

155 3374 332 3457 propria.

314 3474 383 3555 39.
429 3472 627 3582 Sequenti
671 3505 779 3559 anuo
821 3506 937 3561 cesar
978 3506 1073 3559 cum
1116 3501 1265 3580 magna
1304 3473 1567 3555 multitudine

157 3592 404 3678 bellatorum
438 3598 491 3679 ob
525 3600 691 3680 easdem
726 3628 871 3684 causas
905 3601 1018 3681 renit
1059 3599 1097 3678 in
1140 3597 1414 3702 Hungariam,
1464 3596 1569 3676 inter

155 3714 292 3798 fontes
324 3718 506 3801 riuorum
540 3722 636 3802 Zala
669 3740 709 3803 et
748 3724 905 3826 Zelice,
956 3723 1151 3828 misitque
1193 3746 1324 3801 naues
1368 3718 1569 3800 victuales

155 3864 233 3945 per
263 3836 506 3924 Danubium
539 3845 581 3923 iu
614 3844 882 3951 Hungariam,
917 3846 1069 3953 quibus
1102 3844 1268 3923 fratrem
1302 3869 1425 3923 suum
1457 3841 1568 3922 Geb-

157 3958 250 4041 hart
281 3962 525 4072 episcopum
560 3968 743 4073 prefecit..
778 3968 864 4076 Hys
897 3968 1047 4050 auditis
1080 3964 1268 4047 Andreas
1300 3991 1372 4045 rex
1408 3977 1449 4044 et
1481 3963 1569 4046 dux

158 4080 260 4163 Bela
307 4109 452 4170 omues
498 4115 671 4172 aceruos
719 4107 908 4197 segetum
958 4105 999 4172 et
1039 4090 1157 4170 tirsos
1204 4086 1426 4168 herbarum
1477 4084 1568 4191 igne

158 4205 494 4310 combusserunt,
542 4211 792 4295 habitatores
836 4240 1004 4321 quoque
1048 4238 1142 4293 cum
1186 4209 1380 4291 omuibus
1413 4208 1571 4290 auima-

158 4328 269 4411 libus
300 4329 352 4410 de
389 4333 576 4440 partibus
614 4334 693 4417 illis
742 4364 816 4443 per
879 4363 982 4443 quas
1025 4361 1141 4416 cesar
1190 4345 1276 4413 erat
1323 4331 1570 4413 transiturus

156 4450 304 4561 procul
337 4454 627 4557 abduxerunt,
661 4486 743 4564 qno
778 4488 872 4540 cum
909 4485 1024 4541 cesar
1055 4455 1316 4563 peruenisset
1347 4466 1389 4533 et
1414 4453 1570 4535 victum

158 4602 242 4657 nou
284 4574 449 4680 habuit,
492 4580 788 4687 nesciebatque
827 4583 899 4662 ubi
937 4607 1065 4661 naues
1099 4580 1187 4659 eius
1229 4589 1378 4659 essent.
1412 4576 1570 4657 Interea

157 4712 300 4781 autem
349 4700 569 4808 episcopus
618 4704 742 4783 frater
790 4704 904 4783 venit
956 4703 995 4783 in
1044 4701 1277 4800 laurinum,
1319 4715 1362 4779 et
1404 4699 1572 4779 mittens

159 4818 377 4933 epistolam
411 4823 464 4907 ad
499 4822 738 4906 Heinricum
790 4853 987 4933 cesarem,
1030 4823 1337 4923 sciscitabatur,
1387 4820 1459 4905 ubi
1500 4820 1572 4903 de·
