3660 5506
887 374 950 439 190

214 604 354 672 autem
391 604 556 697 propter
583 589 869 671 liberalitatem
896 617 1032 691 suam,
1067 603 1107 672 et
1130 590 1225 672 boni
1254 588 1436 696 exempli
1471 615 1619 696 opera·

215 712 390 813 cionem,
417 715 568 793 multos
592 714 716 792 traxit
734 712 786 792 ad
807 712 1044 795 ‹louoeiouis
1071 714 1253 795 studium
1276 713 1619 819 impendemlmn,

214 835 389 915 barones
425 835 573 915 milites
622 848 662 913 et
706 834 881 934 nobiles,
914 852 954 914 et
989 837 1189 942 quosdam
1231 863 1282 914 ex
1331 835 1508 941 prelatis,
1544 833 1619 939 qui

214 956 315 1055 lora,
356 957 463 1037 dieto
503 957 631 1036 ordini
677 957 955 1059 contuleruut,
993 973 1033 1037 et
1077 959 1254 1038 claustra
1291 969 1621 1037 construxerunt

214 1096 256 1161 et
288 1079 537 1161 dotauerunt
564 1079 613 1159 ad
648 1079 812 1159 laudem
843 1079 907 1159 dei
943 1097 983 1159 et
1011 1080 1180 1182 gloriam
1208 1079 1337 1161 saneti
1361 1078 1486 1159 Pauli.

396 1335 480 1436 (De
508 1337 807 1417 oonuersione
836 1333 1145 1417 cumanorum
1173 1335 1234 1416 ud
1259 1334 1422 1436 fldem.)

369 1549 469 1631 212.
506 1550 608 1630 Item
623 1545 652 1655 ¹)
689 1550 820 1630 eoiarn
847 1563 1014 1655 gentem
1055 1548 1336 1632 Curnanorum
1381 1549 1459 1630 ritu
1490 1565 1617 1629 tarta·

214 1670 296 1750 rioo
344 1670 596 1773 inuolutam,
629 1673 738 1779 apud
775 1673 916 1752 sedem
955 1671 1223 1778 apostolicam
1256 1671 1455 1753 deuoeius
1492 1671 1616 1752 insis-

214 1792 350 1895 tend0,
389 1795 583 1902 exemplo
611 1794 835 1877 beatissimi
872 1795 977 1900 regis
1015 1794 1224 1902 Stephani,
1260 1821 1385 1900 quem
1420 1795 1471 1875 ad
1500 1820 1616 1874 eorru-

211 1917 452 2022 ponendum
491 1944 600 1997 noue
644 1916 739 1996 fidei
772 1918 1092 1998 l'urulamentum
1121 1917 1159 1997 in
1195 1944 1369 2021 regnum
1403 1916 1616 2021 Hungarie

212 2038 480 2145 prouidenoia
524 2040 666 2121 diuina
702 2039 843 2144 elegit,
883 2057 922 2120 et
960 2040 1031 2147 qui
1070 2040 1193 2119 eorda
1224 2039 1485 2118 credentium
1520 2055 1617 2144 post

212 2161 419 2266 apostolos
456 2161 720 2269 spiritualiter
761 2162 877 2268 quasi
915 2162 1129 2270 ymbribus
1163 2161 1386 2243 celestibus
1421 2160 1616 2265 irrigauit,

212 2282 263 2362 ad
298 2283 463 2365 laudem
494 2285 671 2367 nominis
711 2283 889 2384 domini,
924 2299 971 2365 ut
1009 2283 1277 2390 ampliaretur
1311 2282 1450 2387 religio
1486 2281 1616 2363 obris-

211 2403 334 2506 tiana,
375 2406 424 2486 ad
467 2406 591 2487 fidem
636 2405 879 2488 eatlrolieam
917 2406 1101 2487 conuerti
1135 2404 1383 2512 procurabit.
1412 2402 1487 2485 Cui
1522 2404 1617 2511 qui·

212 2525 307 2606 dem
354 2528 486 2633 genti,
535 2530 613 2611 iam
655 2531 693 2610 in
740 2526 821 2609 tide
872 2529 1092 2610 christiana
1146 2526 1316 2627 erudite,
1364 2527 1524 2607 Fratres
1562 2526 1617 2606 de

212 2648 353 2730 ordine
372 2650 590 2753 minorum,
617 2651 860 2732 auctoritate
884 2652 941 2731 eis
969 2678 993 2732 a
1021 2651 1118 2733 sede
1138 2649 1364 2756 apostolica
1382 2649 1617 2748 commissa,

212 2797 353 2852 euram
387 2774 631 2875 animarum,
676 2774 764 2855 iura
797 2774 1075 2881 parroelrialiu,
1118 2787 1158 2852 et
1185 2785 1442 2852 saeramenta
1477 2771 1614 2850 eorde·

211 2893 372 2975 siastioa
395 2896 708 2999 arnruinistrant,
732 2899 847 2977 etde
871 2898 936 2975 die
959 2896 997 2975 in
1017 2895 1124 2975 diem
1154 2895 1192 2972 in
1218 2894 1294 2972 tide
1317 2894 1613 2973 <mnliutantur.

378 3171 461 3262 (De
489 3169 800 3272 baptizatione
827 3170 1148 3251 Palatinarum
1176 3165 1233 3245 de
1260 3166 1446 3257 Bozna.)

367 3384 465 3464 21⁰.
502 3385 604 3464 ltem
654 3385 829 3465 l’atorini
877 3385 927 3463 de
975 3382 1112 3461 llozna
1160 3380 1230 3486 qui
1272 3379 1444 3459 nimium
1495 3399 1616 3463 erant

209 3503 481 3610 multiplicati,
516 3524 556 3585 et
588 3506 760 3590 diuersis
802 3507 1006 3586 erroribus
1045 3501 1255 3610 implieati,
1290 3529 1363 3607 per
1394 3502 1612 3585 dominum

207 3624 471 3730 Peregrinum
507 3629 750 3736 episcopum
773 3629 1027 3709 Bonnensem
1051 3625 1202 3706 ordinis
1235 3623 1454 3726 minorum,
1473 3625 1611 3707 virum

206 3773 357 3851 magne
394 3748 633 3832 deuoeionis
666 3764 706 3832 et
738 3751 915 3832 sciencie
948 3749 997 3830 ad
1031 3747 1156 3828 fidem
1199 3772 1294 3850 rege
1336 3764 1613 3852 promanente

209 3883 508 3953 conuertuntur
541 3888 581 3952 et
622 3874 890 3980 baptizantur.
926 3870 1050 3979 (ato)
1091 3869 1194 3949 ltem
1239 3867 1368 3948 selani
1402 3868 1612 3954 districtus

208 3992 259 4072 de
291 3992 453 4100 Lippua
485 3994 586 4075 dure
619 3996 790 4078 eeruiois
823 3994 1002 4103 populus
1025 3991 1075 4072 ad
1103 3990 1226 4070 fidem
1262 4004 1350 4070 erat
1382 4016 1613 4076 conuersus

209 4127 249 4194 et
280 4115 524 4222 baptizatus.
559 4116 635 4199 Cui
668 4119 900 4200 sacerdotes
944 4113 1134 4196 catholini
1170 4113 1400 4194 seeundum
1435 4114 1612 4196 transla-

208 4236 368 4317 cionem
401 4237 643 4347 Hieronymi
676 4240 863 4340 dootoris,
897 4252 1038 4319 sancte
1082 4234 1221 4316 matris
1267 4235 1439 4317 ecclesie
1472 4262 1612 4317 saera-

207 4373 348 4440 menta
388 4360 665 4443 ecelesiastica
704 4361 1000 4442 ministrabant.
1047 4356 1125 4438 Sed
1171 4383 1282 4436 nuno
1324 4376 1370 4440 ut
1409 4376 1611 4463 narratur,

207 4482 247 4560 in
281 4483 527 4588 apostasiam
562 4498 603 4561 et
636 4483 850 4588 pristinum
886 4510 1063 4564 errorem
1096 4493 1193 4561 sunt
1225 4476 1370 4588 illapsi,
1399 4493 1440 4559 et
1471 4482 1608 4564 multo

206 4602 366 4708 peiores
400 4617 549 4686 essent.

366 4862 390 4951 ¹)
420 4860 485 4933 Sio.
515 4863 556 4933 B.
