3592 5490
957 1013 1013 1125 'vl

402 1372 406 1377 .
488 1218 912 1400 Jornnrs
987 1266 1096 1399 nu
1170 1261 1486 1400 vrmo

531 1524 908 1621 northmanno
927 1524 1435 1621 oratornosoohamtf.
1526 1630 1529 1635 Δ

326 1854 330 1861 ’
438 1860 476 1940 1.
502 1857 702 1941 Sanetus
729 1856 992 1963 Stephanus
1018 1861 1194 1965 primus
1221 1881 1304 1939 rex
1330 1859 1464 1963 regni
1491 1858 1690 1963 Hungu-

283 1984 381 2065 riae
407 1982 627 2086 regnavit
662 1981 796 2062 annis
828 1982 907 2062 46.
919 1966 947 2077 ¹)
983 1970 1104 2051 rinno
1137 1969 1292 2049 domini
1325 1969 1412 2049 969
1431 1969 1554 2049 Geisa
1571 1970 1688 2076 prin·

285 2119 382 2199 ceps
424 2107 595 2197 quartus
638 2091 691 2171 ab
726 2093 877 2197 Arpad,
912 2094 981 2199 qni
1026 2091 1276 2173 Pannoniam
1321 2090 1496 2193 intravit,
1541 2091 1687 2173 divino

284 2213 566 2321 praemonitus
599 2214 765 2293 oraculo
798 2215 940 2317 gennit
957 2214 996 2295 S.
1014 2214 1271 2321 Stephanum
1299 2239 1435 2318 regem
1467 2213 1686 2319 Vngariae,

285 2337 354 2443 qui
392 2364 416 2417 a
448 2334 486 2417 S.
528 2334 751 2416 Adalberto
785 2336 979 2444 episeopo
1019 2336 1288 2417 lmhemorum
1333 2362 1416 2415 una
1459 2364 1554 2416 oum
1598 2336 1688 2417 filio

285 2460 325 2539 in
358 2457 560 2563 Strigonio
595 2457 823 2563 baptisatus
856 2475 929 2540 est.
963 2458 1123 2539 Mortuo
1156 2472 1295 2539 autom
1330 2459 1454 2539 Geisa
1478 2484 1587 2539 anno
1606 2459 1684 2541 do-

286 2581 384 2661 mini
419 2575 548 2685 997²)
580 2579 619 2659 S.
652 2579 887 2687 Stephanus
920 2582 1166 2664 oommbinm
1201 2582 1241 2660 in
1275 2595 1414 2661 monte
1446 2581 1687 2663 Pannoniae

286 2702 527 2802 construxit,
562 2716 603 2781 et
635 2702 1047 2811 arobiepiscopatum,
1090 2703 1190 2784 alios
1232 2702 1495 2809 episcopatus
1534 2703 1687 2785 decem

285 2825 486 2907 fundarit.
518 2823 650 2904 Etiam
694 2826 940 2906 coenobium
984 2826 1022 2917 in
1062 2825 1198 2906 Veteri
1240 2826 1356 2905 Buda
1396 2826 1435 2905 in
1480 2825 1684 2907 honorem

284 2960 519 3029 sanctorum
555 2946 660 3026 Petri
705 2965 745 3026 et
789 2947 902 3028 Pauli
945 2948 1223 3055 apostolorum
1264 2947 1479 3028 aedificare
1515 2948 1687 3055 incepit,

285 3070 394 3177 quod
428 3068 467 3150 S.
501 3068 713 3150 Ladislaus
746 3069 894 3150 deinde
928 3070 1162 3177 oornplevit.
1198 3068 1274 3151 Cui
1306 3086 1450 3177 postea
1477 3096 1587 3178 papa
1615 3097 1687 3153 oo·

286 3217 427 3273 ronam
457 3190 606 3296 egregii
624 3192 770 3298 operis,
790 3218 913 3298 quam
934 3193 1168 3300 procuravit
1187 3192 1273 3272 fieri
1292 3192 1489 3299 produce
1509 3189 1686 3301 Miska³)

284 3315 529 3423 polonorum
562 3313 729 3414 scilieet,
762 3313 912 3395 Sancto
945 3314 1154 3421 Stephano
1187 3314 1383 3397 divinitus
1415 3315 1687 3420 ammonitus

285 3465 380 3519 oum
419 3462 541 3518 eruce
583 3451 624 3516 et
664 3437 889 3545 apostolica
931 3438 1217 3519 benedictione
1261 3437 1492 3521 destinavit.
1537 3438 1691 3521 Postea

284 3585 381 3640 vero
424 3559 588 3664 augusti
629 3559 823 3640 videlieet
864 3554 1071 3667 Henriei4)
1113 3559 1173 3641 Pii
1214 3585 1395 3642 sororem
1436 3560 1602 3642 Kellam
1644 3562 1688 3644 in

284 3682 544 3762 matrimonio
577 3681 655 3762 sibi
688 3682 870 3783 sociavit,
905 3710 955 3764 ex
991 3710 1074 3789 qua
1105 3683 1244 3791 plures
1275 3683 1418 3789 genuit
1460 3683 1578 3787 filios,
1612 3685 1688 3767 sed

286 3805 391 3885 inter
423 3804 524 3885 alios
556 3831 664 3885 unus
691 3805 769 3886 tuit
793 3803 832 3907 S,
861 3804 1085 3906 Erneriom,
1114 3806 1234 3888 euius
1260 3806 1459 3887 memoria
1486 3806 1526 3886 in
1555 3808 1687 3890 bene·

285 3926 463 4006 dictione
497 3926 683 4011 habetur.
719 3925 894 4009 Sanetus
929 3954 1024 4008 vero
1056 3925 1291 4036 Stephanus
1325 3940 1418 4036 post
1444 3928 1599 4013 multas
1617 3931 1688 4012 tri·

288 4049 520 4129 balationes
569 4048 813 4131 cln·istianao
862 4050 953 4130 fidei
988 4049 1227 4153 infidelium,
1261 4050 1451 4157 migravit
1476 4050 1529 4133 ad
1550 4052 1686 4134 domi·

290 4200 401 4273 num,
437 4188 477 4251 et
510 4185 571 4251 est
602 4172 790 4277 sepultus
827 4173 867 4252 in
900 4174 1008 4254 Alba
1040 4173 1177 4278 regali.

439 4306 500 4387 Π.
514 4307 681 4387 Petrus
695 4309 1058 4412 regnavitannis
1071 4308 1148 4390 vl.
1168 4296 1312 4378 Petrus
1340 4295 1519 4379 sororius
1549 4299 1683 4381 sancti

284 4414 493 4524 Stephani,
528 4417 634 4497 filius
653 4414 861 4499 Wilhelmi
891 4420 962 4527 qni
998 4418 1077 4501 fuit
1107 4420 1231 4500 trater
1262 4420 1393 4500 sancti
1426 4418 1684 4526 Sigismundi

284 4541 389 4643 regis
423 4540 760 4644 lhrrgumiorum3
793 4540 949 4624 electus
983 4558 1045 4625 est
1077 4542 1116 4622 in
1150 4569 1301 4648 regem.
1341 4541 1475 4638 Quem
1515 4543 1683 4629 Petrum

283 4664 452 4769 hungari
488 4690 662 4745 exosum
698 4664 942 4747 habuerunt.

281 4834 423 4845 --=--.-.-
453 4838 488 4845 ·--

444 4903 468 5004 ¹)
499 4911 558 4984 36.
588 4907 668 4985 Cod.
699 4907 818 5009 Toldy.
850 4903 876 5011 ²)
906 4913 992 4987 995.
1019 4903 1046 5004 ³)
1074 4906 1221 4987 Miehca.
1252 4907 1331 4987 bod.
1352 4908 1391 4986 Τ.
1422 4913 1451 5005 ⁴)
1479 4906 1648 4991 Heinrici.
