3660 5506
880 334 942 401 136

209 548 467 652 aecedentes
502 550 642 657 ibique
678 547 782 631 Albe
820 551 932 632 etin
967 548 1284 661 Vysegradiensi
1327 545 1506 650 ciuitate,
1539 545 1617 626 do·

208 671 322 752 mina
361 672 501 778 regina
542 701 637 755 cnm
677 672 759 753 lilio
799 699 875 755 suo
908 673 1117 754 Lodouico
1160 685 1260 754 tune
1291 697 1387 776 rege
1420 681 1618 751 coronato

208 793 287 876 sibi
318 793 556 900 predileeto‚
589 795 761 903 alysque
804 795 971 902 prelatis
1015 794 1220 902 episcopis
1257 792 1507 902 presbyteris
1539 791 1619 872 ba·

208 915 379 998 ronibus
412 931 453 997 et
485 917 672 1025 plurimis
695 916 843 998 Christi
876 918 1080 1020 fidelibus
1098 916 1254 999 funeris
1286 914 1506 1022 obsequias
1538 913 1616 993 de·

208 1037 421 1119 notissime
466 1040 587 1147 (aaa)
629 1039 902 1122 celebrarunt.
934 1040 986 1122 Et
1026 1039 1158 1122 tocius
1201 1038 1315 1144 regni
1356 1035 1619 1120 uniuersales

209 1160 338 1241 eciam
380 1160 419 1241 in
462 1175 547 1244 toto
590 1188 715 1267 regno
760 1161 919 1266 diffuse,
953 1163 1100 1244 eodem
1142 1159 1412 1244 solemnitatis
1444 1173 1538 1240 voto
1575 1171 1620 1238 et

208 1282 427 1365 missarum
459 1283 802 1387 solemnitatibus
825 1285 980 1366 dictum
1002 1285 1184 1366 olfioinm
1207 1283 1464 1365 celebrantes
1497 1306 1618 1361 com-

207 1404 441 1512 plenerunt.
477 1406 740 1514 Imploranda
768 1435 863 1512 ergo
889 1422 952 1489 est
978 1406 1164 1489 unanimi
1190 1432 1396 1488 consensu
1428 1405 1618 1484 clemen-

208 1526 272 1607 cia
304 1527 369 1608 dei
402 1529 708 1636 omnipotentis,
744 1556 816 1637 pro
850 1531 995 1611 eodem
1041 1529 1208 1611 domiuo
1243 1554 1337 1632 rege
1371 1526 1532 1626 llarol0‚
1568 1536 1620 1605 ut

208 1677 302 1730 cnm
337 1650 476 1732 anima
506 1651 636 1759 ipsius
669 1652 896 1733 elementer
928 1654 1150 1761 dispenset,
1178 1651 1313 1731 eidem
1346 1646 1620 1754 indulgendo,

208 1784 249 1852 et
281 1771 323 1854 in
356 1801 577 1855 numerum
611 1772 738 1881 ipsius
772 1776 954 1856 animam
986 1803 1036 1856 ao
1068 1788 1208 1855 cetum
1241 1785 1478 1855 sanctorum
1513 1795 1617 1850 oon·

206 1892 411 1976 fessorum
445 1897 632 1978 ornninm
665 1925 713 1978 ac
731 1926 875 2004 regum
908 1897 1108 2005 Stephani
1140 1913 1182 1977 et
1215 1894 1391 1977 Ladizlai
1423 1892 1621 1998 dignetur

209 2017 428 2118 eollocare3
463 2035 504 2099 et
536 2033 659 2127 prout
690 2021 801 2126 quod
835 2020 877 2101 iu
912 2019 1092 2127 presenti
1128 2018 1270 2101 seculo
1311 2016 1436 2121 regali
1470 2015 1620 2095 trium-

209 2138 291 2244 pho
323 2140 560 2242 vixeritita
591 2142 714 2244 etiam
750 2144 790 2224 in
823 2145 962 2226 futuro
995 2142 1136 2226 seculo
1170 2169 1266 2225 cum
1300 2138 1455 2244 angelis
1483 2137 1624 2218 valeat

209 2260 410 2345 exultare.

500 2520 749 2625 Epitaflum
777 2524 905 2627 regis
932 2522 1099 2603 Karoll
1125 2516 1331 2623 megel-¹)

312 2731 514 2841 Supreme
547 2764 619 2817 rex
655 2736 814 2819 Christe
848 2736 940 2819 finis
974 2734 1152 2816 hominis
1178 2731 1314 2815 extitit
1345 2729 1385 2812 in
1420 2742 1461 2810 te

311 2853 416 2960 Ergo
451 2859 661 2964 propicius
694 2861 748 2940 sis
783 2860 901 2940 nobis
935 2857 1130 2938 omuibus
1163 2883 1284 2938 unus.

311 2976 426 3058 Tolle
460 2997 679 3086 peceatum
713 2997 898 3063 nostrum
933 2980 1110 3086 deleque
1139 2992 1300 3060 reatum

311 3099 362 3180 Et
396 3100 531 3182 llaroli
566 3105 671 3209 regis
706 3105 776 3211 qui
810 3104 933 3185 cessit
968 3101 1180 3183 mensibus
1214 3099 1300 3182 istis

312 3225 501 3327 Augusto
534 3227 667 3331 primo
701 3253 795 3306 cum
831 3226 892 3307 sol
926 3238 1112 3306 versatur·
1146 3224 1186 3304 in
1221 3246 1369 3303 cancro

312 3342 511 3451 Sequenti
544 3347 649 3428 festo
684 3349 794 3454 quod
829 3360 891 3430 est
923 3346 1095 3446 Diuisio,
1129 3346 1262 3452 primo
1474 3446 1478 3455 Ι

314 3468 451 3573 Atque
484 3467 549 3547 die
585 3497 804 3551 munerum
841 3469 1068 3577 compleuit
1100 3468 1238 3548 anima
1271 3476 1429 3546 notum.

312 3586 431 3682 Quod
465 3590 623 3696 pepigit
656 3592 833 3698 quisque
869 3621 942 3672 rex
976 3591 1168 3698 princeps
1202 3588 1379 3672 rusticus
1407 3610 1506 3665 vere

311 3709 502 3810 Tenetur,
537 3714 698 3793 modico
734 3714 809 3794 lroe
843 3741 992 3820 eorpus
1025 3727 1213 3820 tempore
1246 3711 1351 3791 dico.

312 3830 403 3912 Non
437 3834 571 3916 maius
606 3835 773 3940 longum
807 3837 994 3944 spacium
1031 3835 1154 3916 trium
1189 3860 1315 3941 quam
1349 3830 1537 3928 dierurn3

312 3951 378 4034 Sic
410 3956 511 4035 feria
543 3971 664 4038 sexta
696 3958 888 4039 daminus
921 3958 1120 4065 sepelitur
1153 3957 1194 4037 in
1228 3955 1387 4036 umbra.

313 4073 667 4184 Suseepimusque
702 4081 826 4161 deus!
859 4108 1031 4185 regnum
1068 4079 1178 4186 eepit
1209 4075 1456 4158 Lodouicus.

313 4200 435 4278 Anno
471 4199 638 4280 milleno
672 4216 911 4282 trecenteno
943 4205 1029 4284 fore
1064 4217 1161 4282 noto

314 4319 376 4400 lta
408 4321 617 4428 completo
653 4323 740 4403 linit
774 4324 839 4403 hie
872 4325 1227 4430 quadragintaque
1262 4318 1460 4403 secundo.

315 4441 477 4524 Asilum
511 4471 635 4525 suum
669 4446 746 4527 seit
777 4473 850 4526 rex
885 4474 1105 4554 supremus
1139 4471 1306 4551 quoque
1345 4466 1504 4546 regum.

211 4773 418 4784 μ-φ-..α-ᾐ-

371 4841 395 4930 ¹)
423 4843 534 4920 blatra
562 4843 602 4918 de
631 4850 738 4920 morte
767 4844 888 4921 Karoli
922 4845 1026 4945 regis.
1057 4846 1097 4923 B.
