3592 5490
802 349 957 454 A

176 565 283 674 gisse
315 567 358 648 iu
389 565 524 674 ipsam
555 569 805 651 ferebantur.
832 569 944 666 Quos
979 597 1073 652 cunr
1110 597 1182 677 per
1214 569 1387 651 nuncios
1421 596 1445 650 a
1478 570 1581 653 ciui-

176 691 256 774 bus
289 689 516 796 repetisset,
534 692 709 799 illosque
727 692 887 773 tradere
911 706 1172 774 recusassent
1195 719 1435 800 expugnare
1470 693 1583 800 cepit

176 812 349 896 diuersis
383 814 583 896 machinis
617 812 839 917 ciuitatem,
868 843 993 922 quam
1028 843 1123 896 oum
1158 842 1305 922 capere
1338 814 1582 898 nullatcnus

176 937 389 1042 potuisset,
410 938 572 1019 obsedit
595 963 685 1016 eam
710 963 793 1016 uno
827 963 935 1018 anno
970 950 1010 1017 et
1042 937 1223 1017 dimidio,
1244 938 1406 1017 Accidit
1438 953 1582 1018 autem

176 1056 243 1138 die
275 1086 359 1139 uno
393 1071 439 1139 ut
471 1059 601 1166 ipsam
637 1058 847 1139 ciuitatem
872 1059 1062 1141 circuiret
1096 1060 1234 1140 multis
1268 1058 1487 1165 phitonicis
1522 1060 1582 1139 ia-

176 1179 251 1261 teri
284 1175 413 1286 eius¹)
446 1180 753 1282 adherentibus,
775 1179 817 1260 in
851 1182 1002 1288 quibus
1036 1181 1153 1261 iuxta
1185 1181 1280 1261 fidei
1313 1208 1386 1261 sue
1420 1181 1582 1286 opinio·

174 1328 273 1383 nem
305 1330 424 1410 spem
456 1303 684 1384 maximam
718 1297 953 1410 ponebat2),
979 1303 1123 1384 videns
1156 1304 1356 1384 ciconiam
1390 1303 1440 1382 de
1477 1304 1581 1383 mari

177 1424 414 1506 euolantern
447 1438 488 1506 et
520 1426 561 1506 in
594 1424 817 1532 pinnaculo
859 1426 982 1507 unius
1025 1426 1171 1535 palacy
1204 1427 1245 1505 in
1283 1451 1364 1531 quo
1399 1424 1582 1507 babebat

175 1547 322 1631 nidum
364 1575 489 1631 suum
531 1547 744 1646 resedisse,
778 1562 1035 1655 acceptoque
1070 1549 1108 1628 in
1142 1563 1271 1630 rostro
1303 1543 1420 1653 suo³)
1461 1548 1580 1652 pullo

178 1696 260 1752 uno
292 1669 335 1751 in
368 1670 491 1753 maris
524 1669 747 1752 arundines
782 1668 895 1750 iilum
939 1670 1183 1777 deportauit.
1220 1669 1401 1750 Reuersa
1432 1669 1580 1750 iterato

177 1807 218 1873 et
250 1790 351 1874 alios
383 1792 520 1899 pullos
562 1819 659 1874 suos
700 1791 824 1873 simul
868 1820 964 1874 cum
1007 1792 1103 1872 nido
1146 1792 1449 1899 transportauit.
1485 1791 1581 1886 Quo

175 1913 263 1998 viso
297 1941 372 1995 rex
389 1915 502 1996 Atila
532 1942 629 1997 suos
664 1913 813 1995 milites
835 1915 887 1995 ad
920 1942 964 1997 se
984 1941 1136 1997 vocans
1169 1914 1268 1995 dicit
1300 1913 1378 1995 eis:
1412 1912 1580 1995 Cernite

52 2100 55 2104 »
176 2062 272 2146 sooy
308 2063 434 2145 quam
467 2038 544 2120 ista
561 2037 719 2118 ciconia
739 2037 972 2119 futurorum
990 2038 1192 2120 tactorum
1227 2030 1415 2141 iudicia⁴)
1450 2052 1580 2140 notat,

176 2171 218 2239 et
249 2161 395 2243 urbem
429 2159 549 2242 istam
585 2186 659 2267 per
688 2186 764 2241 nos
797 2160 921 2241 sentit
963 2159 1219 2257 diruendam,
1253 2159 1304 2239 ad
1336 2157 1489 2264 fugam,
1526 2187 1581 2240 ue

175 2295 319 2388 pereat
351 2309 447 2365 cum
481 2282 644 2364 ciuibus
677 2308 721 2364 se
755 2279 1037 2387 communit⁵).
1073 2283 1211 2364 Estote
1246 2305 1340 2384 ergo
1373 2280 1415 2360 in
1448 2280 1581 2387 prelio

175 2402 241 2486 die
275 2403 452 2486 crastina
483 2400 732 2511 forciores⁶),
757 2404 945 2486 videbitis
979 2404 1188 2485 ciuitatem
1223 2403 1434 2486 ruituram.
1459 2402 1581 2484 Tunc

176 2525 310 2608 edicto
343 2527 610 2633 proclamato,
629 2526 912 2608 machinarum
929 2526 1052 2607 ¹omni
1083 2552 1233 2630 genere
1267 2524 1460 2625 adhibito,
1480 2552 1581 2606 cum

174 2673 258 2730 non
290 2649 494 2755 potuisset
527 2649 739 2731 ciuitatem
772 2675 1012 2756 expugnare
1047 2677 1142 2729 cum
1170 2645 1383 2749 machinis,
1407 2647 1581 2729 consilio

174 2770 409 2853 sciticorum
448 2799 561 2874 usna,
594 2773 739 2854 sellam
773 2797 899 2852 unam
933 2798 986 2850 ex
1020 2771 1158 2852 decies
1191 2768 1375 2851 centenis
1410 2769 1580 2852 milibus

173 2892 225 2973 de
260 2893 446 3000 quolibet
479 2894 717 3002 postulauit,
750 2891 932 2998 fecitque
970 2920 1024 2972 ex
1057 2893 1167 2974 sellis
1209 2893 1327 2973 iuxta
1361 2891 1464 2971 muri
1499 2892 1580 2972 cir·

173 3012 373 3122 cuitum⁷)
408 3017 643 3124 congeriem
677 3016 980 3118 vehementem,
1015 3029 1056 3096 et
1089 3016 1205 3097 iussit
1248 3013 1410 3094 incendi
1452 3014 1580 3096 sellas

173 3136 282 3244 ipsas
316 3165 492 3246 quarum
524 3138 691 3219 flamma
724 3151 765 3218 et
796 3138 940 3218 ardore
979 3166 1122 3219 murus
1165 3138 1337 3218 nimium
1350 3131 1382 3242 8)
1414 3163 1458 3216 se
1491 3136 1579 3219 dis·

172 3260 340 3342 soluens
374 3288 469 3343 cum
504 3261 684 3343 turribus
721 3260 761 3340 in
795 3274 943 3340 terram
987 3272 1050 3342 est
1091 3272 1329 3367 prostratus.
1363 3256 1453 3353 Quo
1487 3258 1579 3341 viso

173 3381 286 3465 ciues
327 3378 518 3490 omnes⁹)
563 3384 605 3464 in
648 3383 827 3465 insulam
869 3378 1165 3490 fugierunt¹⁰);
1209 3381 1417 3489 quandam
1462 3380 1578 3462 enim

170 3503 350 3587 insulam
392 3506 516 3588 maris
551 3504 767 3613 Aquiiegie
811 3505 1046 3610 contiguam
1090 3505 1367 3586 decreuerunt
1408 3502 1579 3584 introire

172 3641 313 3709 eterno
357 3628 512 3711 ibidem
552 3627 832 3735 permansuri,
867 3654 948 3734 que
992 3623 1178 3734 uetus¹¹)
1216 3625 1396 3707 Venecia
1437 3653 1578 3734 usque

170 3749 292 3831 hodic
325 3744 666 3858 nuncupatu1·¹²).
689 3751 736 3831 ln
769 3777 852 3856 qua
870 3750 1038 3856 quidem
1064 3749 1304 3857 aliquandiu
1339 3748 1578 3831 habitantes

170 3885 339 3980 propter
370 3888 528 3956 metum
562 3872 794 3978 regisritile
828 3872 917 3978 ipsa
949 3869 1147 3978 insula¹³)
1166 3871 1362 3952 derelicta
1395 3869 1579 3952 insulam

168 4023 250 4102 que
285 3991 493 4103 Bealtlr¹⁴)
526 3995 674 4076 dicitur
707 3995 965 4076 intrauerunt
998 3994 1267 4101 permansuri.
1299 3993 1446 4074 Veneti
1479 3994 1576 4101 qui·

168 4118 261 4197 dem
297 4131 395 4199 sunt
427 4117 572 4199 troiani
605 4135 652 4198 ut
684 4117 858 4198 Cronica
891 4118 1001 4197 canit
1036 4112 1302 4222 ueterumff),
1331 4128 1425 4222 post
1457 4116 1577 4196 exci-

167 4239 283 4321 dium
317 4236 492 4346 enim¹⁶)
529 4240 647 4320 Troie
681 4238 899 4346 Aquilegie
941 4251 1271 4346 permanserunt,
1307 4263 1430 4344 quam
1466 4233 1576 4346 et¹⁷)
1633 4298 1640 4315 .

328 4442 351 4537 ¹)
375 4471 440 4520 om.
479 4448 514 4522 S.
557 4447 630 4520 eius
666 4446 778 4521 lateri.
810 4447 878 4520 VP.
911 4441 936 4527 ²)
970 4451 1174 4539 apponebat.
1215 4438 1242 4532 ³)
1266 4469 1331 4519 om.
1372 4437 1399 4532 ⁴)
1430 4442 1576 4520 indicia.

168 4547 195 4630 5)
221 4551 427 4626 comminuit.
466 4553 543 4626 Cod.
577 4547 602 4631 ⁰)
628 4575 715 4624 nam.
752 4551 828 4623 add.
859 4554 899 4623 B.
930 4554 965 4625 S.
998 4546 1023 4632 ³)
1048 4552 1220 4624 circulum.
1253 4553 1321 4624 VP.
1353 4544 1380 4629 ⁸)
1404 4572 1469 4622 orn.
1501 4551 1576 4624 VP.

168 4651 195 4737 ⁹2
219 4656 381 4730 derelicta
409 4659 490 4730 urbe
519 4657 595 4730 arbi
620 4658 686 4729 VP.
716 4657 750 4728 S.
786 4653 826 4736 ¹⁰)
854 4657 1028 4764 sugerunt
1051 4654 1090 4738 ¹¹)
1119 4681 1210 4729 uera
1243 4657 1310 4729 VP.
1346 4653 1389 4735 ¹²)
1417 4652 1578 4728 nomina-

167 4766 233 4835 tur.
268 4757 307 4843 ¹³)
335 4787 400 4835 orn.
446 4759 482 4836 ¹¹)
511 4761 648 4834 Rcalth.
681 4762 749 4832 VP.
789 4761 888 4834 realt.
928 4764 962 4834 b.
1008 4757 1048 4844 ¹⁰)
1077 4761 1224 4855 quidam.
1264 4763 1468 4832 ueterorunr.
1501 4761 1576 4834 VP.

49 4964 52 4968 Δ
171 4862 211 4948 ¹⁶)
240 4871 364 4941 tamen.
394 4867 463 4939 Vi.
500 4862 539 4949 ¹³)
567 4888 633 4939 om.
668 4867 738 4940 VP.
