3592 5490
808 365 964 481 gn

188 593 300 678 Huni
344 623 437 675 eum
484 593 759 700 insequuntur
801 623 933 704 usque
975 594 1014 675 in
1059 595 1320 692 Danubium3
1372 594 1412 674 in
1463 621 1596 701 quem

190 746 284 798 crim
318 746 361 799 se
396 717 679 824 precipitasset
710 719 950 801 submersus
988 734 1060 804 est.
1112 719 1207 824 Ipso
1257 718 1378 817 igitur
1425 717 1599 796 deuicto

191 857 231 922 et
264 854 423 921 mortuo
447 839 584 945 Arpad
621 859 749 919 eastra
783 841 874 922 fixit
907 843 945 920 in
980 860 1119 920 monte
1153 841 1238 920 Noe
1272 864 1399 946 prope
1425 838 1599 937 Aitmm,

190 982 233 1044 et
265 962 332 1042 ille
366 962 482 1042 loeus
526 976 587 1043 est
628 963 785 1069 primus
829 990 951 1069 quem
997 963 1073 1044 sibi
1117 962 1255 1069 Arpad
1300 963 1338 1041 in
1381 960 1600 1040 Pannonia

191 1085 322 1193 elegit.
358 1082 478 1164 Vnde
511 1084 657 1165 ciuitas
691 1085 797 1166 Alba
831 1113 903 1192 per
935 1102 1124 1168 sanetum
1157 1083 1411 1190 Stephanum
1451 1110 1598 1187 regem

191 1208 262 1316 qui
294 1207 344 1287 de
378 1207 467 1313 ipso
503 1208 700 1313 processit
730 1207 901 1288 fundata
934 1225 996 1288 est
1029 1208 1096 1288 ibi.

351 1331 417 1410 15.
450 1327 666 1410 Secundus
699 1331 939 1436 capitaneus
971 1329 1182 1411 Zobolotlr,
1225 1329 1393 1410 Tereius
1435 1329 1600 1434 capita-

192 1479 296 1536 neus
328 1451 480 1559 Gyula,
515 1451 585 1557 qui
617 1451 748 1533 tuerat
782 1453 867 1532 dux
903 1479 1076 1558 magnus
1110 1467 1150 1532 et
1181 1469 1350 1559 potens,
1384 1452 1453 1557 qui
1492 1449 1601 1530 ciui·

191 1589 317 1655 tatem
367 1600 559 1677 magnam
608 1575 647 1654 in
699 1573 857 1656 Erdelrv
903 1576 943 1655 iu
988 1576 1213 1655 renacione
1255 1600 1330 1655 sna
1363 1575 1601 1672 annuerat,

192 1723 274 1804 que
307 1723 331 1808 a
365 1697 542 1777 romanis
564 1711 798 1776 constructa
820 1699 964 1778 fuerat.
997 1696 1175 1792 erartus
1198 1697 1437 1803 capitaneus
1456 1693 1599 1776 Cuud.

191 1819 369 1915 Quintus
386 1818 494 1899 Leel.
531 1816 682 1899 Sextus
703 1818 968 1900 Werbulehn.
1003 1819 1211 1926 Septimus
1245 1817 1600 1925 capitanensVrs,

350 1942 418 2022 16.
451 1941 721 2047 Temporibus
754 1943 876 2047 igitur
901 1942 1048 2022 Toxuu
1078 1942 1283 2024 exereitus
1310 1940 1599 2044 hungarorum

193 2090 265 2172 pro
297 2063 436 2171 spolys
468 2063 718 2169 accipiendis
762 2091 904 2146 versus
952 2064 1124 2145 Galliam
1176 2078 1352 2172 transyt,
1402 2080 1443 2142 et
1498 2090 1599 2143 eum

193 2186 371 2267 redirent
404 2184 516 2266 Reno
550 2201 799 2269 transmeato
833 2188 989 2269 diuisus
1022 2205 1083 2268 est
1116 2188 1155 2267 iu
1189 2201 1270 2267 tres
1312 2199 1471 2293 patres:
1517 2185 1605 2266 due

193 2309 280 2392 sine
314 2308 479 2409 honore,
514 2335 597 2389 una
631 2335 723 2388 cnm
760 2309 911 2390 honore
946 2309 986 2390 in
1014 2308 1264 2414 Hnugariam
1300 2308 1603 2388 descendebat.

193 2430 325 2526 Quam
362 2431 447 2510 dux
482 2429 661 2510 Saxonie
695 2448 795 2537 apin
828 2432 1038 2526 Ysuacum
1073 2432 1160 2513 sine
1193 2445 1351 2535 septem
1388 2430 1605 2534 Hnngaris

193 2581 334 2635 omues
372 2554 585 2633 interfecit.
618 2552 702 2633 Illis
735 2568 892 2661 septem
929 2557 1096 2636 auribus
1130 2553 1352 2659 amputatis
1395 2553 1433 2632 in
1481 2552 1604 2633 Hun-

193 2677 344 2782 gariam
380 2676 528 2760 missis.
566 2676 630 2756 Ab
665 2677 856 2781 hungaris
889 2661 1084 2783 deinceps
1117 2677 1240 2781 spreti
1275 2690 1394 2774 sunt,
1438 2693 1481 2753 et
1525 2675 1605 2756 La·

193 2800 271 2882 zari
306 2799 570 2879 vocabantur.

460 3052 549 3155 Qut
577 3080 632 3136 ex
660 3056 876 3161 gentibus
904 3059 1073 3139 exteris
1101 3057 1325 3137 adierunt.

356 3269 423 3352 Π.
456 3269 668 3354 Dendatus
702 3272 752 3351 de
786 3271 1005 3352 comitibus
1038 3270 1077 3352 S,
1120 3270 1302 3352 Seuerini
1346 3270 1397 3350 de
1443 3269 1604 3377 Apulia

195 3395 388 3475 fundator
422 3409 654 3501 monastery
687 3394 807 3489 Tata3
840 3395 909 3500 qui
945 3395 1110 3500 quidem
1145 3394 1397 3474 soreiebatur
1427 3418 1604 3495 nomen,

197 3533 237 3596 et
271 3544 364 3596 eum
400 3514 438 3596 S.
474 3517 696 3597 Adaiberto
730 3518 919 3623 pragensi
954 3517 1147 3623 episcopo
1188 3529 1375 3595 sanctum
1420 3513 1603 3621 Stepha-

198 3667 296 3720 ruuu
333 3639 567 3745 baptizauit.
600 3637 832 3743 Woifgerus
866 3639 916 3719 de
959 3638 1174 3719 Alamauia
1217 3665 1311 3717 cnm
1354 3638 1477 3716 fratre
1522 3665 1604 3719 suo

196 3761 374 3844 Hedrieo
407 3761 457 3840 de
491 3761 709 3841 comitibus
743 3759 991 3865 Henueberg
1033 3776 1165 3861 ortus,
1208 3787 1302 3840 crim
1344 3758 1448 3839 HLO
1493 3760 1603 3839 dex·

196 3899 325 3992 trarys
360 3883 551 3984 iutroiuit,
585 3884 650 3963 cui
685 3882 769 3962 dux
804 3883 971 3992 Geyoha
1004 3899 1185 3963 montem
1211 3882 1374 3991 Kyseen
1409 3897 1449 3961 et
1483 3883 1602 3963 iusu-

197 4007 279 4087 lam
312 4004 492 4112 Dauuby
526 4006 630 4085 eirca
658 4004 875 4086 -Jauriuum
910 4006 1032 4086 dedit.
1066 4004 1302 4086 Veceliiuus
1335 4004 1386 4084 de
1412 4002 1602 4085 Wasser-

198 4129 303 4234 bnrg
334 4129 525 4228 banarus,
559 4129 627 4234 qui
663 4156 758 4207 eum
791 4142 933 4210 sancto
966 4127 1175 4236 Stephano
1208 4125 1433 4230 inSimigio
1453 4125 1600 4234 Capau

197 4253 345 4333 ducem
389 4251 600 4332 interfecit.
644 4251 844 4331 Adiciunt
886 4251 1013 4331 ettam
1063 4250 1149 4330 istis
1198 4250 1343 4330 diebus
1392 4248 1508 4329 Hunt
1561 4267 1604 4330 et

197 4375 380 4474 Paeneo,
429 4373 498 4479 qni
541 4389 728 4455 sanctum
762 4372 1016 4479 Stephanum
1056 4400 1191 4476 regem
1228 4372 1265 4451 in
1299 4371 1425 4451 fluuio
1459 4372 1601 4452 Garon

199 4497 345 4602 gradio,
385 4496 593 4577 teutonico
637 4522 749 4575 more
798 4496 1078 4576 accinxerunt.
1132 4494 1221 4574 l‘ott
1268 4494 1317 4573 de
1368 4493 1604 4601 altenburg

199 4636 384 4725 tempore
417 4616 647 4698 Salomonis
679 4618 783 4722 regis
819 4618 929 4697 venit
961 4618 998 4696 iu
1037 4616 1310 4716 Pannoniam,
1354 4630 1394 4695 et
1427 4630 1489 4696 est
1525 4644 1599 4696 vo·

201 4756 317 4822 catus
349 4739 588 4842 HernestuS,
622 4767 696 4821 seu
729 4739 831 4839 Pott‚
866 4740 935 4846 qui
968 4739 1144 4819 rumeins
1180 4739 1282 4818 inter
1307 4738 1602 4845 imperatorem

202 4862 435 4944 Conradum
471 4877 511 4943 et
543 4888 679 4966 regem
715 4861 922 4944 Andream
955 4861 1042 4943 init.
1087 4860 1245 4943 intrant
1281 4872 1374 4969 post
1406 4859 1483 4940 hoe.
1516 4858 1604 4943 Oli·
