3660 5506
834 368 990 471 -3-¹.„

208 581 354 663 Beliud
388 583 459 690 qni
492 597 639 665 terram
674 584 809 666 Kulan
823 580 853 692 ¹)
876 583 1115 693 possederat
1136 577 1409 688 transduxitl)
1444 581 1485 662 in
1509 607 1614 663 uxo·

210 731 294 784 rem
329 703 584 808 legittimam.
621 705 691 788 Isti
724 707 870 789 Beliud
903 706 1039 787 Kulan
1083 705 1196 786 dedit
1235 704 1361 785 filiam
1404 732 1536 807 suam,
1568 718 1617 786 ut

211 838 353 907 contra
383 826 549 908 fratrem
596 854 718 909 suurn
760 825 920 934 Kean³)
963 827 1200 909 debellaret.
1235 827 1287 907 Et
1330 839 1423 933 post
1455 827 1615 908 obitum

210 975 336 1030 suum
368 962 518 1030 terram
552 975 669 1032 suam
704 950 812 1031 idem
858 951 995 1033 Kulan
1027 949 1172 1030 Beliud
1218 949 1476 1030 hereditauit.
1507 948 1616 1030 Tan·

210 1071 304 1150 dem
339 1098 436 1151 oum
469 1071 606 1180 Gyula
637 1071 832 1178 hungaris
865 1073 905 1154 in
934 1072 1145 1155 Pannonia
1177 1071 1458 1153 habitantibus
1490 1071 1616 1154 infes-

210 1204 278 1273 tus
311 1205 431 1294 esset,
466 1209 507 1274 et
539 1194 821 1300 multipliciter
861 1187 1162 1302 aggraruatush,
1197 1220 1271 1300 per
1302 1207 1490 1274 sanctum
1525 1192 1616 1274 Ste-

210 1315 396 1421 phanum
431 1312 612 1422 regem⁵)
646 1316 686 1396 in
720 1316 975 1398 Pannoniam
1017 1330 1079 1398 est
1111 1315 1327 1415 deductae,
1360 1342 1442 1396 non
1476 1327 1615 1396 tamen

211 1436 288 1518 iste
321 1437 458 1544 Gyula
489 1438 744 1545 capitaneus,
777 1441 848 1523 sed
883 1441 936 1521 ab
971 1439 1038 1519 illo
1071 1437 1234 1520 tercius.

370 1559 439 1641 33.
489 1559 632 1655 Quarti
680 1562 883 1668 siquidem
935 1561 1136 1668 capitanei
1187 1559 1435 1641 vocabulum
1481 1560 1617 1641 fuerat

212 1680 350 1780 Kund,
384 1680 501 1761 cuius
545 1679 694 1789 filius⁶)
738 1684 881 1793 Kusyd
925 1700 965 1764 et
1007 1678 1209 1790 Cupan⁷),
1247 1682 1318 1788 qni
1361 1705 1489 1788 prope
1532 1680 1617 1790 Nyr

213 1802 341 1883 fixere
383 1830 458 1884 sua
501 1820 652 1905 castra,
693 1805 834 1913 ibique
881 1821 974 1914 post
1020 1805 1272 1913 baptismum
1320 1803 1615 1886 monasterium

211 1924 456 2007 fundauere.

370 2047 437 2129 34.
476 2047 554 2129 Sed
579 2049 748 2155 quintus
770 2049 866 2130 Leel
889 2064 950 2132 est
983 2050 1231 2151 nominatus
1251 2047 1323 2156 qui
1355 2045 1574 2130 Messarios
1584 2043 1616 2155 ⁸)

211 2167 369 2250 scilieet
401 2166 687 2277 Bohemicosl)
721 2172 772 2252 de
806 2172 992 2279 partibus
1030 2165 1296 2277 Golgothe¹⁰)
1330 2169 1506 2277 expulit,
1539 2169 1616 2251 ibi-

212 2317 296 2397 que
329 2291 490 2374 diucius
523 2306 656 2374 castra
690 2307 867 2377 metatus
899 2295 1026 2377 fuisse
1060 2294 1308 2400 perhibetur.
1334 2292 1397 2372 Ex
1426 2291 1502 2373 isto
1525 2292 1616 2398 qui·

210 2411 305 2493 dein
341 2409 563 2520 Zonard¹¹)
597 2415 724 2497 oritur
755 2416 970 2521 generacio
1003 2417 1090 2499 siue
1124 2415 1315 2523 prosapia
1347 2426 1389 2494 et
1420 2413 1545 2518 origo.

370 2554 439 2634 35.
472 2552 626 2638 Sextus
659 2556 900 2663 capitaneus
933 2550 1234 2661 Berbulchu¹²)
1273 2580 1425 2635 nomen
1459 2553 1616 2656 habuit,

211 2673 283 2780 qui
318 2673 425 2756 circa
456 2672 631 2758 Balatun
666 2706 742 2759 sua
773 2680 1040 2761 tabernacula
1067 2678 1214 2776 ,fixisse
1247 2677 1457 2785 probatur.

370 2815 438 2895 36.
472 2813 682 2924 Septimus
715 2820 956 2926 capitaneus
975 2818 1050 2900 Vrs
1076 2818 1235 2899 dicitur.
1255 2818 1375 2899 Istius
1408 2816 1615 2923 siquidem

210 2937 430 3041 generacio
463 2938 571 3019 circa
602 2938 680 3020 Seo
714 2940 850 3022 locum
889 2935 1144 3046 habebat¹³).

372 3054 441 3141 37.
476 3058 568 3140 Alie
602 3088 698 3142 vero
731 3063 1023 3168 generaciones
1062 3091 1143 3169 que
1176 3089 1326 3167 genere
1367 3074 1465 3142 sunt
1496 3086 1616 3166 pares

211 3173 366 3287 istis¹⁸)
400 3195 441 3262 et
473 3181 707 3264 consimiles
740 3200 991 3292 acceperunt
1022 3185 1098 3267 sibi
1133 3178 1285 3290 loca¹⁵)
1307 3195 1348 3262 et
1368 3183 1616 3264 descensum

211 3302 263 3382 ad
298 3328 439 3385 eorum
474 3305 796 3412 beneplacitum.
830 3306 934 3388 (hun
970 3307 1092 3413 igitur
1124 3306 1287 3387 codices
1320 3305 1490 3411 quidam
1517 3329 1616 3384 con-

211 3422 381 3525 tineant,
415 3426 534 3533 quod·
562 3424 690 3538 istim)
725 3430 929 3537 capitanei
967 3443 1126 3536 septem
1161 3427 1413 3509 Pannoniam
1449 3426 1616 3508 introie-

211 3544 303 3647 rint,
321 3563 363 3628 et
394 3547 606 3654 Hungaria
639 3577 691 3630 ex
727 3551 824 3659 ipsis
857 3551 954 3634 solis
987 3551 1097 3631 edita
1128 3550 1180 3632 sit
1213 3565 1254 3630 et
1286 3549 1481 3656 plantata,
1504 3548 1615 3631 unde

211 3693 308 3773 crgo
339 3669 453 3751 venit
484 3673 701 3776 generacio
734 3671 851 3756 Altus
884 3674 967 3754 Bor
994 3671 1087 3754 Aba
1120 3671 1380 3778 aliorumque
1414 3670 1615 3754 nobilium

211 3789 503 3897 hungarorum,
523 3821 616 3875 curn
653 3821 796 3877 omnes
830 3791 969 3900 iste¹⁷)
1003 3822 1085 3875 non
1125 3793 1317 3901 hospites,
1342 3793 1413 3874 sed
1447 3793 1498 3873 de
1531 3791 1616 3873 Sci·

210 3909 267 3992 tia
302 3913 633 3997 descenderunt?
666 3917 889 4024 Assignant
929 3917 1038 3998 enim
1083 3917 1190 3997 hanc
1235 3916 1441 3996 racionem
1485 3914 1616 3997 solam

209 4059 337 4141 quarn
372 4036 522 4141 uulgus
555 4038 674 4119 dicit:
708 4054 869 4147 septem
900 4040 1118 4145 hungaros.
1142 4038 1181 4120 Si
1217 4065 1313 4143 ergo
1346 4050 1507 4145 septem
1540 4037 1616 4128 soli

208 4169 309 4237 sunt
340 4157 513 4264 hungari
548 4187 642 4244 cum
676 4162 842 4263 familia,
877 4175 919 4242 et
960 4188 1044 4242 non
1086 4162 1226 4268 plures
1269 4159 1426 4241 familie
1461 4186 1615 4242 uxores

207 4359 416 4374 -—-——

372 4448 395 4530 ¹)
420 4476 484 4526 orn.
526 4455 561 4527 S.
592 4449 619 4535 ²)
644 4456 807 4530 traduxit.
838 4457 911 4531 VP.
941 4456 988 4531 V.
1020 4451 1048 4537 ³)
1073 4481 1165 4529 roan.
1207 4457 1243 4529 S.
1276 4451 1301 4534 ⁴)
1326 4457 1551 4550 aggrauator.
1582 4454 1618 4527 S.

208 4550 238 4631 ὁ)
263 4578 380 4649 regom
409 4558 530 4652 Steph.
559 4560 593 4633 S.
626 4556 651 4641 ⁰)
676 4560 745 4655 fily.
776 4564 816 4635 Β.
849 4557 875 4642 ⁷)
900 4564 1005 4656 Cupa.
1036 4564 1077 4635 Β.
1109 4558 1135 4639 ⁸)
1160 4560 1360 4633 messianos.
1392 4560 1464 4633 VP.
1497 4557 1618 4631 mesia·

206 4683 281 4733 nos
313 4663 348 4735 S.
381 4656 407 4741 9)
433 4663 619 4738 bohemios.
650 4667 685 4738 S.
720 4662 760 4746 ¹⁰)
789 4667 949 4761 Golgato.
983 4664 1023 4748 ¹¹)
1053 4666 1185 4739 Zuard.
1219 4661 1261 4745 ¹²)
1290 4664 1514 4738 Worbnlohn.
1536 4663 1616 4737 VP.

206 4765 409 4904 pprbulchu.
441 4768 477 4843 S.
511 4764 551 4851 ¹³)
580 4770 694 4843 hahet.
730 4770 768 4846 S.
804 4767 950 4854 “listis
986 4793 1101 4868 pares
1138 4765 1177 4852 ‘⁵)
1206 4771 1328 4844 locum.
1362 4763 1401 4850 ¹⁶)
1431 4767 1508 4864 ipsi.
1539 4768 1618 4845 VP.

240 4867 352 4953 listi.
