3660 5506
839 362 994 465 „raa—

210 577 314 661 tonis
347 580 483 661 aureis
517 579 791 680 circumdatis
826 608 907 687 que
940 608 1014 687 per
1048 581 1182 687 ipsum
1216 579 1432 659 dominum
1469 603 1607 683 regem

212 702 290 782 vita
320 702 399 784 sibi
433 704 583 784 comite
619 703 759 785 baberi
794 716 834 783 et
866 703 959 783 ferri
993 715 1309 804 consueuerant,
1336 701 1608 782 habebantur.

211 823 409 906 Uniuersa
441 852 624 932 namque
657 827 906 906 ferramenta
938 839 1168 931 strepamm
1192 838 1233 904 et
1259 824 1514 905 habenarum
1535 849 1609 905 seu

213 947 507 1050 rudibnlarnm,
543 963 583 1029 et
615 949 695 1029 alia
737 948 871 1028 eidem
913 948 1150 1054 spectancia
1182 947 1233 1026 de
1266 957 1434 1051 argento
1466 957 1609 1026 aurato

215 1069 325 1150 iuxta
359 1071 597 1150 decenciam
617 1072 726 1174 regie
760 1070 1015 1150 excellencie
1039 1069 1236 1150 fabricata
1256 1069 1502 1170 existebant,
1521 1093 1609 1146 cor·

215 1191 486 1298 rigiarumqne
529 1193 681 1296 cinguli
717 1207 757 1273 et
788 1194 903 1272 liena
935 1220 983 1272 ao
1016 1192 1163 1274 similia
1195 1192 1285 1292 alia,
1320 1218 1414 1270 cum
1448 1189 1609 1270 antenis

216 1328 250 1393 ct
280 1316 463 1420 postenis
496 1315 625 1395 serice
658 1315 895 1396 substaneie
919 1329 1115 1395 contexta
1137 1315 1312 1394 fuerant.
1335 1311 1608 1394 Nobilissimis

213 1461 386 1542 namque
420 1438 589 1543 pictoris
624 1438 853 1545 purpureis,
880 1438 1056 1541 gemmis
1080 1451 1120 1516 ct
1153 1436 1360 1543 lapidibus
1393 1435 1607 1541 preciosis·

216 1556 320 1639 simis
353 1558 449 1639 dicti
483 1560 577 1639 trini
614 1559 806 1667 (lextrary
840 1573 882 1639 et
924 1559 1073 1640 milites
1107 1559 1146 1638 in
1181 1584 1358 1666 persona
1390 1574 1432 1637 et
1463 1557 1609 1664 spiritu

216 1680 393 1760 eiusdem
436 1682 590 1761 domini
632 1683 748 1787 regis,
783 1708 908 1788 super
951 1682 1048 1789 ipsis
1092 1681 1307 1788 dextrarys
1351 1681 1607 1785 tegebantur.

216 1798 332 1902 Quos,
366 1818 413 1883 nt
454 1803 553 1884 dum
596 1805 884 1909 cuinscnntpre
927 1804 1179 1885 condicionis
1213 1803 1401 1884 homines
1434 1803 1609 1909 aspicie·

216 1922 306 2003 bant
348 1926 610 2027 transemulo,
654 1940 691 2006 et
729 1927 845 2006 dicta
887 1927 1003 2030 signa
1044 1926 1195 2030 regalia
1239 1927 1517 2024 intuebantur,
1560 1951 1608 2005 eo

217 2047 317 2150 quod
353 2047 460 2127 idern
495 2048 688 2130 dominus
721 2075 794 2128 rex
840 2049 1040 2130 haetenus
1081 2049 1301 2155 imperium
1345 2048 1457 2151 regni
1491 2047 1609 2128 Hun-

216 2169 328 2271 garie,
364 2168 511 2251 babitis
546 2172 753 2278 premissis
787 2171 912 2276 signis
939 2185 979 2250 et
1006 2171 1222 2278 dextrarys
1255 2170 1428 2249 feliciter
1459 2169 1608 2273 gnber-

216 2290 390 2396 nouerit,
424 2320 520 2372 mox
558 2295 883 2401 p1·ornrnpel.›ant
902 2295 940 2373 in
959 2293 1090 2390 tletns,
1110 2306 1151 2372 et
1174 2291 1435 2373 validissimis
1470 2291 1611 2372 etbera

218 2411 434 2495 ululatibus
470 2418 771 2521 propulsantes.
789 2417 969 2497 Peractis
997 2416 1164 2495 tandem
1199 2415 1349 2494 diuinis
1382 2413 1610 2493 instituem-

218 2533 342 2634 nibns,
362 2552 402 2615 et
422 2538 637 2619 missarum
673 2539 1115 2638 solenntitatibus,non
1152 2563 1265 2617 more
1299 2537 1471 2616 aliorum
1508 2562 1611 2641 qno·

218 2656 381 2737 rundmn
417 2685 559 2761 regum
601 2662 758 2741 dudum
804 2662 1107 2760 ‹lefnnctrnum
1143 2685 1247 2766 qnos
1279 2658 1515 2739 felicissime
1548 2684 1610 2736 re-

218 2779 474 2881 cordacionis,
498 2784 698 2888 scripture
732 2782 903 2862 aliarum
928 2782 1194 2889 epistolarum
1219 2779 1464 2862 venerabilis
1498 2806 1610 2859 eom·

218 2900 378 2981 mendat
426 2906 669 3005 auotoritas3
713 2931 794 2985 non
840 2905 976 2984 velata
1017 2905 1140 3006 facie,
1183 2931 1260 2983 nec
1303 2928 1472 3008 corpore
1522 2902 1611 2981 eius

209 3022 382 3104 alicuius
415 3024 495 3104 diei
529 3028 668 3134 spacio
702 3027 847 3128 celato,
872 3041 993 3134 pmnt
1025 3027 1200 3107 ebusina
1233 3024 1489 3105 consuetudo
1522 3023 1610 3132 alys

212 3144 369 3226 vicibus
402 3150 664 3252 quorundam
692 3178 834 3254 regum
854 3150 1070 3230 litneribus
1091 3148 1332 3255 perhibetur
1364 3147 1609 3227 astruxisse:

204 3267 279 3346 sed
315 3270 532 3351 manifeste
565 3273 758 3353 ornnibns
793 3272 1054 3378 presentibus
1075 3271 1178 3351 titeie
1212 3268 1262 3348 ad
1296 3269 1445 3349 faciem
1478 3267 1610 3349 mani·

205 3389 311 3471 leste
346 3393 624 3493 cernentilms,
658 3395 709 3474 ad
746 3395 970 3474 albensem
1013 3394 1220 3473 ciuitatem
1256 3392 1519 3472 delerebatur
1550 3390 1610 3470 di·

208 3522 320 3592 otnm
368 3541 518 3620 eorpus
567 3516 872 3597 tumulandum.
918 3516 964 3595 ln
1009 3516 1231 3595 ‹lelbrendo
1279 3528 1417 3593 autern
1462 3535 1611 3620 corpus

205 3630 336 3738 ipsius
369 3635 419 3715 ad
440 3663 737 3745 quamcunque
770 3639 994 3719 mansionis
1012 3639 1150 3719 villam
1186 3637 1447 3736 deneniebat,
1467 3660 1612 3717 ornnes

212 3752 397 3837 hemines
431 3771 513 3838 tarn
549 3761 622 3839 viri
658 3787 783 3866 quam
818 3761 948 3840 eciam
985 3760 1188 3859 mulieres,
1219 3759 1479 3838 lacrimarum
1512 3756 1612 3838 lletu

210 3879 490 3983 condolentes
525 3884 704 3963 elamore
749 3882 933 3963 nranimo
977 3884 1014 3962 in
1049 3880 1366 3962 amaritmlinem
1409 3880 1611 3982 conuersi,

213 4000 350 4081 ethera
392 4005 673 4109 propulsando
718 4007 978 4086 resonabant.
1015 4003 1213 4109 Dumque
1246 4001 1473 4083 Albensern
1511 4002 1612 4085 oiui·

215 4132 333 4202 tatem
369 4124 525 4205 dictum
560 4153 710 4234 eorpus
755 4127 991 4234 perueniret
1034 4125 1339 4224 nitidissinnnn,
1375 4124 1496 4204 modo
1529 4152 1612 4232 quo

215 4245 399 4352 superius
432 4247 642 4352 allegatur,
677 4248 822 4356 prelati
863 4247 1089 4356 presbyteri
1124 4247 1262 4328 clerici
1294 4247 1445 4352 alyqne
1478 4247 1613 4351 regni·

215 4367 297 4448 cole
331 4394 380 4447 ao
413 4367 526 4450 eines
559 4371 668 4450 dicte
696 4371 872 4453 ciuitatis
905 4384 1023 4452 extra
1054 4369 1266 4450 ciuitatem
1299 4368 1489 4448 celeriter
1520 4395 1612 4475 per·

211 4501 366 4593 gentes,
384 4491 606 4597 ipsumque
640 4519 801 4600 corpus,
825 4493 1033 4573 uiuificato
1066 4492 1213 4598 spiritu
1244 4490 1465 4597 spoliatum
1498 4515 1612 4571 ama·

212 4610 370 4693 tissime
411 4613 803 4721 circumspicientes,
843 4615 882 4695 in
930 4612 1347 4721 in(65a)enarrabiles
1388 4611 1525 4693 flletus
1568 4640 1612 4695 se

211 4758 258 4814 eo
293 4733 381 4816 viso
412 4751 742 4843 prorumpentes,
766 4736 864 4816 illud
900 4736 1004 4818 intra
1037 4736 1247 4817 ciuitatem
1281 4735 1531 4816 detulerunt.
1551 4735 1612 4816 llli

209 4881 379 4972 quoque
412 4858 646 4948 sacerdotes
681 4873 721 4943 et
754 4858 888 4940 elerici
909 4886 984 4966 per
1014 4871 1143 4940 totam
1175 4870 1343 4940 noctem
1376 4883 1554 4965 ympnos
1573 4869 1614 4939 et
