3660 5506
876 325 920 392 60

202 538 340 620 habito
368 540 500 621 tocius
527 537 748 647 Hungarie‚
778 543 951 626 nuncios
980 542 1180 625 miserunt
1196 543 1402 626 solemnes
1430 542 1468 624 in
1500 542 1608 625 Rus·

201 662 305 742 ciam
329 664 378 743 ad
405 664 611 743 Andrean]
643 679 683 744 et
709 664 935 772 Leuentc¹)
958 665 1141 746 dicentes
1164 667 1233 765 eis,
1251 667 1360 773 quod
1380 681 1461 747 tota
1483 665 1608 748 Hun-

201 786 310 890 garia
329 813 399 866 eos
416 786 590 866 fideliter
618 804 868 893 expectaret,
888 804 928 867 et
950 788 1189 868 uniuersum
1220 817 1389 893 regnum
1415 790 1472 871 eis
1494 790 1610 870 sicut

204 907 324 1011 regali
365 909 510 988 semini
552 907 725 988 libenter
761 910 1070 1016 obsequeretur,
1112 912 1400 991 tantummodo
1440 912 1516 1019 ipsi
1563 912 1605 991 in

202 1029 455 1134 Hnngariam
490 1031 608 1139 (aba)
642 1031 941 1112 descenderent
974 1048 1013 1111 ct
1048 1059 1117 1114 eos
1150 1062 1171 1112 a
1202 1034 1336 1113 surme
1369 1035 1607 1114 teutonico·

204 1181 293 1235 rum
334 1153 614 1234 defenderent.
653 1152 742 1233 Hoc
784 1149 957 1261 eeiam²)
1002 1154 1231 1236 iuramento
1276 1151 1607 1263 firmauerunt³),

204 1276 313 1383 quod
348 1277 483 1357 statim
524 1295 568 1357 ut
595 1276 670 1383 ipsi
706 1276 743 1356 in
774 1275 1023 1381 Hunguriam
1060 1278 1282 1378 introirent,
1316 1305 1460 1360 omncs
1495 1279 1608 1359 bun·

203 1399 285 1497 gari
322 1399 570 1479 unanimiter
601 1400 650 1478 ad
687 1425 756 1477 cos
791 1399 1055 1496 continerent,
1090 1415 1130 1479 et.
1164 1429 1304 1481 corum
1340 1401 1523 1480 ‹bnninio
1556 1428 1607 1479 se

203 1521 439 1602 subderent.
478 1521 612 1601 Endre
647 1547 742 1601 rero
771 1538 812 1600 ct
840 1523 1022 1601 Leucntc
1057 1523 1248 1602 timentes
1282 1522 1468 1629 palliatas
1504 1523 1608 1604 insi·

203 1644 290 1725 dias
324 1643 512 1725 clanculo
546 1645 746 1725 miserunt
773 1644 946 1725 nuncios
968 1644 1007 1723 iu
1031 1643 1297 1749 Huugariam.
1325 1643 1429 1725 Cum
1460 1661 1608 1726 autem

206 1765 417 1848 venissent
448 1767 496 1847 ad
542 1766 707 1847 Nouum
753 1781 931 1847 castrum
975 1766 1085 1872 quod
1121 1766 1213 1848 Aba
1255 1762 1371 1874 rex⁴)
1415 1781 1610 1851 constru-

205 1903 334 1992 xerat,
354 1916 451 1971 ecee
474 1890 669 1970 uniuersa
688 1888 908 1968 multitudo
934 1888 1213 1992 hungarorum
1242 1889 1482 1971 cateruatim
1505 1916 1611 1970 eon·

204 2011 324 2092 fluxit
355 2011 404 2092 ad
441 2011 563 2118 ipsos,
598 2025 639 2091 ct.
672 2011 866 2091 instinctu
900 2010 1102 2091 diabolico
1137 2010 1375 2092 inflammati
1411 2013 1608 2120 peruica-

207 2134 307 2214 citer
340 2134 577 2242 petiuerunt
610 2135 662 2215 ab
696 2133 831 2213 Endre
865 2149 905 2213 et
938 2132 1133 2234 Leuente‚
1173 2134 1281 2239 quod
1317 2135 1612 2241 permitterent

208 2257 446 2338 uniuersum
482 2256 681 2365 populum
716 2256 796 2336 ritu
830 2282 1081 2362 paganorum
1120 2256 1272 2354 viuere,
1314 2256 1533 2364 episcopos
1568 2270 1616 2336 et

208 2379 376 2460 ciericos
421 2379 619 2477 occidere,
664 2377 858 2459 ecclosias
902 2378 1125 2480 destrucre,
1170 2378 1429 2459 christianam
1478 2379 1613 2459 fidem

208 2503 383 2601 ubiccrc,
421 2515 461 2580 et
498 2501 616 2609 ydola
659 2499 805 2579 cinere.
849 2500 1211 2607 Permiseruntque
1256 2528 1325 2582 cos
1368 2501 1613 2583 sec-undum

207 2623 410 2705 desideria
451 2623 582 2705 cordis
625 2648 780 2721 eorum,
818 2637 865 2703 ut
905 2623 1009 2704 irent
1042 2635 1082 2702 ct
1117 2623 1295 2729 perirent
1327 2622 1365 2703 in
1404 2624 1617 2704 adiuuen-

209 2747 397 2827 eionibus
423 2746 684 2852 antiquorum
714 2756 877 2851 patrum
907 2772 1089 2826 suorum.
1119 2745 1249 2825 Aliter
1276 2745 1385 2826 enim
1416 2774 1497 2826 nou
1531 2773 1617 2853 pu·

209 2870 391 2974 girabant
425 2884 565 2948 contra
604 2867 764 2947 Petrum
801 2894 936 2971 regem
973 2893 1045 2974 pro
1079 2866 1214 2947 Endre
1248 2881 1289 2946 et
1322 2867 1521 2948 Leuente.

367 2992 437 3071 81.
477 2990 636 3070 Primus
673 2990 779 3069 inter
816 3004 978 3071 renatos
1016 2990 1182 3069 nornine
1216 2989 1350 3070 Vutlra
1388 2991 1438 3070 de
1475 3003 1617 3072 castro

209 3113 333 3195 belus
376 3112 589 3193 dedicauit
624 3139 667 3192 se
702 3111 915 3219 demonys
949 3111 1097 3192 radens
1130 3128 1255 3217 (eaput
1287 3138 1423 3212 suum,
1453 3131 1493 3192 et
1524 3112 1617 3193 cin-

211 3236 353 3316 cinnos
377 3235 598 3315 demittens
625 3234 700 3315 sibi
728 3261 801 3340 per
822 3247 902 3315 tres
925 3249 1061 3340 partes
1085 3233 1163 3313 ritu
1191 3259 1456 3340 paganorum.
1479 3232 1619 3316 Cuius

210 3358 318 3437 filius
351 3356 517 3435 nornine
549 3355 681 3437 dauns
710 3356 841 3437 multo
871 3356 1134 3460 postmodum
1170 3370 1355 3463 tempore
1385 3357 1505 3436 ritum
1539 3383 1618 3463 pa·

211 3480 280 3559 tris
302 3478 515 3584 sequendo
543 3480 807 3583 congregabit
828 3478 878 3558 ad
903 3505 947 3560 se
967 3478 1117 3558 multos
1146 3504 1285 3583 magos
1303 3493 1344 3558 et
1362 3477 1620 3585 phitonissas

212 3616 253 3681 et
290 3600 511 3707 aruspices,
556 3627 632 3707 per
672 3621 847 3709 quorum
893 3600 1199 3681 incantaciones
1238 3600 1357 3680 ralde
1400 3599 1619 3705 graciosus

213 3738 299 3803 erut
341 3723 450 3831 apud
496 3723 696 3804 dominos.
729 3721 792 3802 De
826 3723 967 3804 multis
1012 3736 1150 3802 autem
1196 3721 1354 3804 deabus
1398 3722 1481 3804 suis
1528 3750 1621 3804 una

214 3845 379 3926 nornine
423 3844 544 3925 Rasdi
587 3860 708 3952 capta
751 3844 829 3925 fuit
861 3872 886 3925 a
918 3843 1253 3925 christianissimo
1296 3871 1391 3949 rege
1424 3844 1537 3947 Belo,
1574 3859 1622 3927 et

212 3966 372 4048 tamdiu
406 3967 445 4047 in
480 3994 643 4047 caruere
676 3967 753 4047 fuit
795 3967 966 4069 reclusa,
1006 3967 1139 4047 donec
1172 3963 1447 4073 crnnederet⁵)
1481 3966 1620 4073 pedes

212 4089 409 4198 proprios,
444 4089 684 4195 ibidemque
715 4100 952 4169 moreretur.
981 4088 1052 4168 Est
1077 4102 1213 4168 autem
1244 4088 1441 4195 scriptum
1470 4088 1509 4168 in
1540 4115 1622 4170 an·

213 4211 338 4320 tiquis
355 4211 468 4292 libris
486 4212 536 4291 de
554 4211 678 4316 gestis
708 4211 999 4315 lumgarornm,
1027 4210 1136 4316 quod
1166 4210 1333 4291 omuino
1357 4209 1619 4317 prohibitum

215 4348 300 4415 erat
333 4333 562 4415 christianis
597 4354 771 4413 uxorem
813 4333 964 4414 ducere
998 4332 1049 4413 de
1083 4330 1397 4437 consanguineis
1430 4331 1538 4413 Vata
1576 4347 1624 4415 et

213 4456 358 4555 Janus,
392 4456 500 4562 quod
536 4455 643 4536 sicut
675 4454 839 4535 Dathan
876 4467 916 4535 et
951 4454 1105 4535 Abiron
1138 4454 1180 4535 in
1212 4453 1341 4535 veteri
1379 4454 1471 4559 lege
1503 4454 1622 4536 sedi·

213 4645 420 4654 .—-.-—.--

375 4728 398 4809 ¹)
421 4733 617 4805 Louentun.
655 4727 681 4814 ⁸)
706 4731 754 4809 eis
791 4731 867 4808 add.
902 4724 931 4811 ⁸)
965 4729 1259 4810 confirmauerunt.
1298 4730 1333 4810 S.
1363 4724 1392 4812 ⁴)
1424 4752 1487 4810 rex
1526 4731 1615 4811 Aba.

217 4829 244 4918 ⁵)
267 4836 506 4912 reeomederet.
