3592 5490
823 358 860 428 'll

143 587 330 657 mortuus
379 589 453 658 est.
496 572 692 684 Sepultus
741 593 803 661 est
843 592 982 660 autem
1029 578 1068 659 in
1114 576 1362 661 monasterio
1411 573 1544 660 sancti

142 696 292 778 Auiani
306 690 333 803 ¹)
368 698 612 780 confessoris
645 701 757 806 quod
791 701 897 782 idem
942 729 1017 782 rex
1061 701 1291 783 construxit
1323 701 1364 781 in
1397 701 1542 809 Tyhon

141 818 259 900 iuxta
297 819 433 900 lacum
477 817 705 930 Relatum).
747 821 828 904 Sed
862 838 903 904 et
945 824 1030 905 dux
1076 823 1354 905 Bohemorum
1397 835 1544 930 captus

141 953 277 1023 estet
313 938 534 1048 cecatus³).
575 942 806 1027 Vilhelmus
850 972 948 1026 vero
991 959 1032 1025 et
1069 945 1173 1025 Poth
1207 945 1335 1026 duces
1377 944 1547 1026 adducti

140 1077 237 1145 sunt
277 1062 328 1144 ad
370 1063 512 1146 Belam
554 1065 717 1169 ducem,
752 1067 823 1173 qui
865 1094 935 1150 eos
977 1061 1146 1173 libereb
1189 1067 1300 1149 abire
1346 1067 1543 1174 permisit.

505 1323 592 1424 (Do
621 1324 916 1406 coronatione
943 1325 1070 1405 Belo.
1097 1321 1179 1424 Sc)

300 1534 368 1617 89.
402 1534 528 1643 (33b)
562 1536 688 1643 Igitur
720 1537 807 1620 dux
848 1533 989 1643 Bela⁶)
1023 1550 1195 1620 vocatus
1237 1538 1381 1646 Benyn
1415 1536 1546 1619 victor

142 1685 236 1739 cum
282 1656 491 1765 triumpho
533 1659 646 1741 venit
690 1660 729 1739 in
773 1660 985 1743 ciuitatem
1029 1659 1194 1761 Albam,
1237 1660 1377 1767 ibique
1418 1660 1544 1764 regali

140 1775 414 1885 diademate⁷)
448 1780 744 1887 inungentibus
778 1809 872 1865 eum
908 1782 1112 1889 episcopis
1144 1782 1318 1863 feliciter
1343 1796 1405 1864 est
1427 1807 1543 1862 coro·

141 1915 274 1984 natus.
317 1902 466 1985 Tenuit
505 1917 645 1985 autem
685 1932 858 2009 regnum
903 1904 1073 2011 pacifice
1115 1906 1203 1986 sinc
1248 1902 1542 1985 molestacione

141 2024 394 2127 hostin1n‚et
427 2025 609 2132 quesinit
641 2026 750 2108 bona
772 2027 882 2132 genti
916 2027 1133 2109 suclnter
1164 2043 1302 2108 cetera
1334 2025 1540 2133 siquidem

139 2146 292 2256 pericie
324 2175 399 2229 sue
431 2161 676 2254 argumenta
717 2146 980 2255 ostendens⁸)
1024 2149 1122 2229 fecit
1160 2149 1349 2232 fabricari
1390 2174 1541 2231 numos

141 2297 290 2376 magne
331 2282 497 2351 monete
531 2299 581 2351 ex
624 2272 842 2379 purissimo
885 2283 1066 2376 argente,
1101 2285 1142 2352 et
1174 2271 1359 2379 precium
1401 2299 1540 2352 rerum

139 2392 351 2474 venalium
384 2393 616 2475 secundum
651 2407 804 2474 certam
832 2394 1106 2501 quantitatem
1131 2394 1237 2476 iusto
1261 2392 1541 2475 moderamine

140 2515 316 2597 discrete
349 2514 523 2598 racionis
557 2516 779 2597 constituit.
814 2517 903 2597 Non
943 2516 1053 2597 enim
1086 2516 1353 2623 permittebat
1386 2542 1543 2596 merca·

140 2651 248 2719 tores
281 2652 323 2718 et
353 2638 609 2719 numularios
642 2665 717 2746 per
758 2639 1045 2721 detestabilem
1089 2639 1268 2721 auaricie
1301 2639 1539 2744 voraginem

139 2786 166 2841 a
196 2759 456 2866 simplicibus
489 2773 531 2841 et
571 2761 732 2842 rusticis
775 2761 1030 2868 superfluum
1075 2762 1236 2842 lucrum
1282 2787 1541 2866 congregare.

139 2880 229 2963 Hec
262 2895 325 2965 est
356 2882 466 2962 enim
501 2909 638 2985 cansa,
673 2910 754 2989 que
787 2883 971 2965 maxime
1004 2887 1109 2966 solet
1151 2884 1329 2991 populos
1363 2909 1542 2991 pauper·

139 3004 233 3087 tatis
267 3017 307 3085 et
339 3003 477 3112 inopie
509 3005 704 3112 periculis
737 3005 975 3087 obuoluere.
1002 3006 1081 3089 Scd
1106 3020 1306 3087 statutum
1342 3005 1540 3112 precium,

139 3127 428 3234 unusquisque
461 3129 669 3208 vendebat
702 3139 742 3208 et
776 3131 942 3209 emebat
983 3130 1071 3210 sine
1111 3129 1258 3209 iniuria
1291 3141 1332 3207 et
1365 3127 1541 3207 circum·

138 3248 354 3330 uencione.
391 3248 472 3331 Iste
505 3244 701 3355 etenim9)
731 3251 870 3331 omnia
901 3252 989 3332 lora
1021 3253 1061 3330 in
1095 3251 1161 3330 die
1194 3250 1354 3331 sabbati
1390 3248 1541 3331 consti·

138 3372 217 3454 tuit
249 3397 323 3478 pro
355 3370 574 3454 vendendo
609 3386 649 3453 et
682 3374 870 3476 ememlm
903 3374 1192 3479 bimnciosqne
1226 3399 1388 3452 currere
1421 3371 1540 3453 iussit

136 3520 213 3601 per
253 3493 482 3575 districtum
526 3495 640 3600 regni
688 3495 763 3597 sui,
809 3512 1024 3600 argenteos
1067 3494 1196 3575 eciam
1246 3493 1446 3595 denarios,
1496 3508 1543 3575 ut

136 3617 494 3724 suprascriptum
529 3631 591 3697 cst
623 3617 774 3698 cudere
806 3618 915 3719 fecit,
950 3643 1128 3723 quorum
1173 3616 1444 3722 qnadraginta
1477 3615 1540 3696 bi·

137 3738 304 3821 zancius
337 3765 487 3821 census
520 3753 626 3838 erat3
662 3740 771 3820 unde
805 3754 846 3820 et
878 3768 989 3821 nunc
1025 3734 1244 3846 denary¹⁰)
1269 3737 1541 3844 quadraginta

136 3887 286 3942 aurum
318 3861 591 3968 appellantur,
614 3889 696 3942 uon
722 3862 832 3968 qnod
866 3863 949 3943 sint
979 3863 1104 3963 aurei,
1127 3861 1200 3943 sed
1233 3861 1342 3967 quod
1378 3875 1438 3939 tot
1470 3859 1542 3938 de·

135 4009 238 4091 nary
271 3983 502 4064 bizancium
537 3984 674 4065 valere
709 3984 776 4064 illo
810 3998 996 4092 tempore
1039 3983 1297 4064 videbantur.
1332 3981 1542 4063 Omnibus

137 4105 249 4186 enim
293 4104 440 4188 diebus
480 4106 563 4187 vite
606 4133 680 4189 sue
719 4107 761 4187 in
794 4121 879 4188 tota
918 4106 1127 4212 Hnugaria
1167 4131 1251 4186 non
1285 4117 1348 4187 est
1380 4115 1542 4185 mutata

135 4344 346 4358 n———fl-a

299 4450 323 4544 ¹)
355 4452 510 4530 Adriani.
549 4454 595 4532 V.
634 4450 660 4536 ²)
691 4456 864 4531 Baletum.
895 4451 1207 4531 senumve.
1239 4448 1265 4533 ³)
1289 4457 1323 4526 et
1351 4451 1425 4527 sine
1454 4450 1543 4526 scitu

136 4557 234 4634 ducis
262 4560 302 4633 B.
332 4560 518 4636 intorserit.
561 4563 630 4636 VP.
661 4563 859 4635 exoculatus
888 4561 957 4634 VP.
987 4563 1021 4632 et
1049 4557 1089 4633 V.
1122 4555 1149 4640 ⁴)
1187 4559 1324 4632 liberos,
1355 4552 1381 4638 bl
1408 4557 1459 4628 De
1487 4579 1543 4629 co·

136 4663 317 4739 ronatione
358 4666 459 4758 primi
501 4668 595 4740 baele
638 4667 730 4761 regis
769 4666 830 4739 filii
874 4663 976 4739 Calui
1019 4662 1175 4737 Ladislai
1216 4662 1278 4735 filii
1319 4663 1451 4736 Torum.
1496 4661 1541 4734 A.

138 4763 166 4848 ⁶)
195 4769 273 4842 Dux
305 4767 353 4864 ig.
391 4771 472 4844 Bela
508 4772 585 4846 Vl’.
623 4765 648 4852 ³)
683 4772 760 4846 died
810 4787 881 4867 reg.
919 4772 952 4843 b.
985 4766 1011 4849 ⁸)
1043 4792 1108 4843 om.
1140 4762 1295 4850 ⁰)eni1n.
1333 4769 1371 4840 Β.
1410 4761 1450 4847 ¹⁰)
1482 4788 1542 4841 uu·

136 4895 240 4954 mero.
264 4874 341 4952 add.
