3660 5506
923 314 943 377 8

858 405 1014 413 —-—.

235 543 331 617 tate.
362 528 550 612 Dicimus
584 528 707 610 etiarn
742 526 899 610 Dentos
932 557 956 609 a
988 527 1247 628 dentositate‚
1267 530 1364 634 quia
1395 529 1504 613 sieut
1535 528 1640 609 den-

235 666 298 735 tes
345 652 485 733 omnia
531 651 754 733 corrodunt
801 663 842 731 et
885 653 1087 752 triturant,
1128 649 1184 731 ita
1231 650 1307 756 ipsi
1350 678 1495 734 ornnes
1538 650 1641 733 alias

235 773 431 857 naciones
464 774 726 876 triturabant,
755 772 866 855 unde
899 773 1056 856 rornani
1091 799 1161 854 eos
1194 776 1400 860 vocabant
1431 773 1641 879 hagellum

235 897 313 979 dei.
355 892 490 1004 Sola¹)
527 910 667 977 tannen
710 895 820 975 dicta
860 894 998 1004 Scytia
1031 896 1069 976 in
1104 896 1355 1002 quibusdam
1400 896 1499 978 loeis
1539 895 1641 978 satis

232 1021 316 1101 lata
348 1047 438 1102 esse
471 1018 621 1099 dicitur
653 1018 892 1099 nemoribus
925 1019 1039 1101 siluis
1073 1019 1210 1099 herbis
1245 1034 1474 1119 vernrstata,
1500 1018 1638 1099 diuer-

233 1137 414 1248 sisque²>
457 1140 617 1247 generis
660 1140 801 1220 bestiis
843 1140 961 1222 diues
1005 1154 1045 1221 et
1089 1142 1246 1241 referta,
1281 1142 1345 1223 cui
1386 1144 1438 1223 de
1480 1140 1641 1222 oriente

232 1264 354 1345 vicini
398 1279 496 1345 sunt
542 1263 654 1343 bessi
700 1276 741 1341 et
782 1260 995 1370 Conrani³)
1044 1263 1140 1347 albi.
1189 1262 1306 1345 Circa
1355 1265 1477 1345 etiarn
1523 1290 1641 1343 rnare

233 1386 441 1494 aquilonis
478 1386 529 1465 de
571 1383 786 1465 occidente
829 1386 940 1490 quod
983 1386 1018 1465 ei
1061 1384 1264 1467 vicinatur
1306 1414 1441 1493 usque
1484 1383 1640 1467 Susda-

233 1503 372 1615 lia1n⁴)
407 1522 470 1590 est
508 1507 718 1589 desertum
760 1507 949 1592 siluestre
994 1508 1175 1588 lurrnano
1216 1510 1356 1613 generi
1398 1507 1639 1612 inrneabile‚

232 1631 345 1739 quod
377 1630 427 1712 ad
452 1657 645 1734 inagnurn
670 1630 858 1736 spaciurn
892 1631 1060 1712 extendi
1095 1630 1345 1737 perhibetur,
1365 1632 1437 1713 ubi
1461 1631 1635 1713 nubium

231 1754 412 1835 densitas
446 1780 519 1861 per
551 1779 704 1834 nonern
739 1778 903 1834 menses
926 1753 1120 1834 continue
1145 1751 1334 1859 iacent⁵)‚
1354 1755 1425 1835 ubi
1458 1753 1518 1835 sol
1553 1778 1638 1834 non

233 1877 413 1958 cernitur
444 1903 518 1983 per
551 1902 715 1956 menses
754 1889 1014 1977 rnernoratos,
1048 1875 1125 1956 nisi
1160 1876 1198 1955 in
1245 1904 1388 1957 rnense
1426 1876 1529 1956 lulio
1569 1876 1637 1956 lu-

233 1994 342 2104 nio⁶)
376 2011 417 2078 et
448 1997 650 2103 Augusto,
685 2013 726 2077 et
758 1997 798 2076 id
830 1997 869 2076 in
911 2011 1024 2078 tanta
1065 1998 1162 2077 hora
1202 1999 1294 2097 diei,
1330 2011 1486 2105 quanta
1519 2011 1581 2079 est
1613 2024 1640 2078 a

231 2132 350 2202 sexta
380 2147 515 2227 usque
549 2119 600 2200 ad
634 2145 799 2203 nouarn.
824 2118 870 2199 Iu
906 2119 1115 2201 nrontibus
1149 2120 1257 2200 enirn
1293 2121 1443 2201 deserti
1478 2146 1637 2201 rnenro-

230 2244 304 2324 rati
339 2243 542 2323 cristallus
576 2242 797 2342 inuenitur,
830 2242 1052 2348 griphones
1084 2242 1228 2323 nidunr
1264 2255 1420 2348 parant,
1450 2268 1637 2349 auesque

232 2364 419 2471 legisfalk
466 2392 549 2471 quo
597 2364 820 2469 hungarica
865 2359 1129 2470 herecheth⁷)
1172 2364 1456 2471 appellantur,
1500 2364 1638 2472 pullos

230 2512 445 2595 procreare
487 2480 812 2592 dirroscurrtur·⁸).
854 2499 941 2579 Είο
978 2500 1181 2602 hungari
1216 2504 1325 2579 sunt
1360 2500 1408 2580 in
1443 2499 1639 2581 oonsilio

230 2605 368 2687 simul
394 2605 442 2684 in
469 2626 612 2685 unum
644 2606 934 2707 congregant

283 2853 361 2945 (aa)
388 2850 475 2929 flio
502 2848 706 2951 hungari
733 2849 1002 3049 capitanatae
1032 2849 1243 2929 fecerunt
1270 2850 1389 2929 inter
1417 2870 1467 2929 se
1494 2849 1584 2928 isto

842 2992 916 3051 mo
951 2961 1023 3064 ab

390 3187 428 3264 5.
463 3184 586 3265 Anno
619 3184 672 3264 ab
694 3184 981 3265 incarnacione
1003 3184 1157 3265 dornini
1192 3184 1292 3266 000
1325 3183 1634 3290 septuagesimo

228 3301 419 3412 tercio¹⁰)
457 3321 644 3414 tempore
682 3305 862 3387 Valentis
904 3306 1174 3413 imperatoris
1208 3322 1248 3387 et
1281 3305 1476 3388 Celestini
1510 3305 1632 3412 prirni

228 3454 336 3535 pape
379 3453 546 3510 rornane
591 3429 765 3510 ecclesie
807 3429 846 3509 in
885 3443 1005 3510 sexta
1046 3444 1153 3509 etate
1197 3431 1323 3510 seculi
1370 3425 1635 3534 multiplicati

229 3563 327 3631 sunt
351 3549 463 3631 Huni
492 3552 530 3632 in
560 3549 697 3658 Scytia
725 3545 1012 3656 habita-ndo¹¹)
1041 3551 1274 3657 cougregati
1300 3551 1342 3631 in
1365 3578 1509 3648 unum,
1529 3549 1636 3629 inter

227 3698 271 3754 se
320 3673 545 3778 capitaneis
597 3673 829 3754 constitutis
873 3667 1036 3778 Bele¹²)
1080 3674 1163 3754 fiho
1214 3672 1340 3754 Chele
1384 3673 1436 3752 de
1479 3698 1631 3775 genere

225 3794 394 3876 Zernein
437 3794 630 3897 oriundo,
674 3794 790 3875 Keue
832 3810 874 3873 et
914 3793 1099 3903 Kadieha
1142 3795 1327 3877 eiusdenr
1369 3786 1630 3898 h·atribus¹³)

227 3911 401 4024 hunss)
435 3917 552 3999 Keue
580 3928 621 3996 et
645 3916 764 3998 Buda
795 3916 886 4024 filys
913 3916 1134 3999 bendehuz
1168 3917 1396 4022 degenere
1430 3908 1629 4020 Cadar¹⁵)

226 4038 505 4121 occidentales
548 4039 736 4144 regiones
779 4037 976 4120 inuadere
1020 4039 1307 4125 decreuerunt.
1353 4038 1415 4118 De
1459 4049 1633 4117 centurn

227 4160 339 4241 enirn
383 4175 423 4241 et
464 4176 556 4242 octo
599 4160 790 4244 tribubus
831 4160 969 4244 decies
1011 4177 1186 4242 centena
1219 4161 1357 4261 nullia,
1391 4160 1547 4242 scilieet
1581 4158 1635 4238 (le

236 4504 239 4511 Ι
391 4398 416 4484 ¹)
440 4403 523 4475 solo.
552 4404 593 4474 B.
625 4396 650 4479 't
675 4401 877 4494 diuersique.
904 4398 930 4481 ³)
956 4403 1106 4475 Curnaui.
1129 4399 1157 4483 ⁴)
1181 4402 1381 4475 Sosdalianr.
1412 4403 1445 4475 S.
1478 4395 1505 4479 ⁵)
1531 4400 1631 4473 iacet.

227 4504 254 4589 ⁶)
278 4506 381 4581 Junio
408 4507 514 4581 Julio.
544 4509 579 4580 8.
613 4501 637 4582 ⁷)
661 4507 863 4580 Keretheth.
894 4507 927 4579 S.
964 4502 989 4583 ⁸)
1014 4508 1166 4601 dignust.
1195 4508 1264 4580 ΥΡ.
1295 4509 1330 4579 S.
1362 4501 1388 4586 ⁹)
1414 4506 1549 4579 Prinrus
1578 4504 1632 4575 in·

225 4634 367 4706 gressus
403 4612 637 4705 hungarorum
669 4610 705 4683 in
741 4610 963 4685 Pannonian.
995 4613 1064 4685 VP.
1100 4609 1139 4689 ιιι’)
1166 4612 1326 4685 viccshno
1356 4616 1490 4683 coctano.
1522 4612 1561 4681 B.
1594 4609 1631 4681 S.

228 4712 271 4799 ¹¹)
299 4720 335 4790 ut
362 4739 466 4791 arena
494 4738 558 4809 qne
592 4719 645 4789 est
681 4715 716 4787 in
745 4716 845 4789 litore
874 4713 988 4788 inuris.
1018 4717 1094 4789 add.
1124 4719 1163 4790 B.
1196 4718 1231 4789 S.
1265 4710 1305 4793 ¹²)
1325 4717 1425 4789 velle.
1458 4715 1493 4787 S.
1515 4713 1630 4788 Welo.

226 4823 296 4898 VP.
329 4818 370 4905 ¹³)
398 4821 467 4896 alia
497 4844 599 4895 mauu
627 4818 806 4894 adiectum.
841 4814 881 4899 ¹¹)
907 4818 1040 4893 Ethelc.
1074 4822 1141 4895 VP.
1171 4821 1280 4896 Stela.
1302 4822 1337 4895 S.
1364 4814 1404 4903 ³⁵)
1425 4819 1505 4893 Erd.
1526 4821 1567 4894 B.
1590 4818 1626 4894 S.
