3592 5490
771 369 927 471 -ror—

150 588 307 670 ciarum
341 585 566 670 astincntcs
600 612 643 667 sc
677 599 973 693 opposuerunt,
1009 600 1049 666 ct
1071 586 1259 667 resistcre
1278 585 1553 666 decreuerunt

147 712 256 817 regie
290 708 505 791 maiestati.

448 965 533 1059 (De
562 966 768 1045 exercitu
794 973 957 1048 eontra
984 967 1109 1068 ipsos
1137 965 1289 1066 moto.)

309 1179 405 1261 195.
443 1177 577 1285 Super
610 1206 692 1285 quo
725 1181 833 1259 liutto
867 1207 938 1259 rcx
976 1181 1062 1287 ipse
1106 1181 1190 1261 suis
1234 1180 1377 1262 ricinis
1418 1178 1550 1258 consi·

146 1301 269 1410 liarys
302 1301 558 1409 principibus
592 1303 755 1405 regilms
790 1302 1095 1383 marchionibus
1129 1319 1170 1382 ct
1202 1303 1378 1384 (lucibus
1412 1314 1553 1381 contra

149 1424 299 1505 ducem
335 1436 376 1503 et
408 1451 630 1504 cornnumc
666 1423 937 1505 Veneriorum
980 1426 1030 1505 rlc
1072 1425 1140 1504 tali
1185 1426 1330 1505 iniuria
1374 1425 1552 1528 grauiter

148 1562 212 1628 est
244 1560 510 1652 conquestus
544 1573 595 1625 ne
630 1547 838 1627 virlerctur
860 1574 929 1628 eos
964 1548 1144 1627 indebite
1173 1562 1214 1627 et
1240 1547 1390 1627 iniusto
1416 1546 1551 1652 impu-

147 1694 289 1773 gnare.
331 1667 394 1747 no
431 1667 724 1749 vindicandum
760 1684 801 1749 ct
833 1670 1159 1776 propulsamlum
1195 1670 1382 1751 iniuriam
1412 1669 1551 1748 sibiet

147 1816 273 1895 regno
307 1790 474 1889 illatam,
508 1817 602 1870 rrum
639 1789 770 1873 valirla
804 1792 997 1897 potencia
1031 1821 1102 1898 pro
1141 1790 1431 1898 recuperandis
1455 1790 1549 1869 iuri·

147 1913 227 1994 bus
260 1911 372 2017 regni
405 1912 467 1993 sui
503 1940 575 2019 per
603 1913 712 2020 ipsos
739 1939 763 1993 a
787 1913 915 1994 multo
939 1929 1124 2020 tempore
1150 1914 1373 2019 occrmatis,
1409 1939 1550 1993 versus

149 2034 308 2115 ltaliam
344 2051 483 2114 contra
517 2034 666 2114 ducem
702 2050 743 2115 ct
774 2022 996 2116 commune
1031 2034 1304 2115 Venecimaun
1334 2062 1427 2114 cum
1458 2060 1551 2140 pro·

148 2157 236 2264 pria
267 2169 389 2261 gente
423 2184 512 2257 sua,
547 2182 706 2236 rrecnon
742 2157 961 2238 cmnitibus
995 2159 1192 2239 militibus
1226 2157 1443 2237 teutonicis
1477 2184 1550 2235 cx-

149 2280 300 2360 traneis
333 2278 410 2360 sibi
444 2279 681 2360 fauentibus
715 2294 754 2358 ct
787 2280 989 2361 rtrrxilium
1027 2281 1325 2386 prestantibus,
1370 2306 1473 2385 quos
1511 2291 1552 2358 ct

150 2401 238 2507 ipsc
270 2400 503 2481 teutonicos
536 2401 765 2508 yrlcomatis
800 2403 979 2508 ipsorum
1015 2403 1205 2483 conscius
1244 2400 1421 2481 multum
1460 2400 1550 2479 ‹tili-

148 2523 291 2627 gebat,
337 2540 377 2601 ct
409 2523 459 2602 (lc
502 2522 714 2630 stipentlys
758 2552 805 2603 ac
849 2525 1024 2631 ‹lonarys
1070 2524 1249 2627 largillnc
1296 2523 1550 2631 prouillebat,

149 2670 283 2750 eoque
316 2644 366 2723 ad
402 2646 537 2751 ipsum
574 2646 748 2726 libenter
792 2646 1074 2747 confluebant,
1121 2665 1162 2726 et
1198 2646 1332 2725 fidelia
1377 2644 1552 2725 seruicia

148 2766 425 2865 exhibebant,
474 2768 743 2873 personaliter
776 2780 837 2848 est
871 2770 1090 2875 profectus.
1150 2768 1198 2848 Et
1236 2797 1310 2875 per
1346 2781 1472 2847 terras
1512 2779 1552 2845 et

150 2900 316 2970 tenutas
349 2902 593 2970 venetorum
629 2890 733 2969 circa
768 2902 946 2971 castrum
982 2890 1148 2972 Scmual
1184 2891 1385 2971 transiens
1418 2887 1550 2967 Cone·

147 3010 316 3116 glanum
351 3010 550 3110 obtinuit,
594 3026 634 3090 et
666 3010 816 3091 abhinc
850 3012 898 3092 acl
934 3013 1142 3093 ciuitatem
1177 3012 1346 3119 'l'eruisy
1380 3010 1550 3090 veniens

146 3133 279 3240 ipsam
314 3131 487 3214 obsedit.
520 3131 663 3215 Castra
696 3148 736 3212 et
770 3147 895 3215 terras
917 3162 1085 3215 suarrnn
1109 3150 1357 3230 tcnutarum,
1391 3131 1549 3237 specia-

146 3269 209 3334 ter
240 3254 417 3335 Asulum
453 3282 546 3334 cum
571 3255 846 3335 Roccaneruis
870 3256 941 3337 ubi
965 3275 1026 3337 cst
1047 3256 1217 3336 alilurcia
1242 3254 1548 3361 (laspiniamuu,

145 3375 336 3475 Keuerd,
369 3376 615 3480 Gorgoniarn
652 3378 775 3483 (anit)
810 3392 850 3456 ct
883 3377 1145 3481 Forgoniam,
1190 3404 1237 3458 ac
1270 3377 1369 3457 alios
1403 3401 1549 3481 quam-

147 3498 287 3605 plures
320 3499 621 3604 exrurgnando,
671 3515 712 3577 et
753 3513 896 3603 gentes
937 3500 974 3580 in
1011 3502 1163 3581 cisrlem
1200 3497 1461 3589 collocamlo,
1511 3512 1550 3575 et

147 3621 207 3703 sic
238 3621 278 3700 in
314 3618 565 3724 Hungariarn
600 3620 769 3701 dimisso
804 3621 857 3701 ibi
891 3635 1059 3702 strenuo
1093 3622 1220 3701 milite
1242 3620 1396 3699 Tlroma
1428 3619 1549 3698 fratrc

149 3742 395 3823 verrerabilis
429 3742 582 3824 domini
618 3741 772 3822 Nicolai
805 3743 1103 3850 archiepiscopi
1136 3742 1442 3846 Strigouimrsis,
1477 3765 1549 3848 pro

148 3865 365 3971 capitaneo
398 3865 532 3968 gentis
564 3892 651 3966 sue,
686 3864 862 3968 armiger
894 3886 952 3945 est
989 3892 1189 3947 rcrwrsus.

423 4137 509 4231 (Do
537 4137 773 4220 obsidione
801 4140 943 4219 castri
970 4137 1281 4222 Outelfrank.

308 4349 404 4433 196.
442 4350 586 4432 Postea
630 4378 724 4432 vcro
769 4354 1033 4459 magnificum
1076 4355 1206 4434 virum
1254 4366 1294 4432 ct
1338 4364 1546 4458 potentem

147 4472 363 4554 Nicolaum
399 4472 536 4553 Kontlr
570 4489 669 4554 tunc
701 4476 814 4578 regni
846 4475 1054 4579 llungarie
1083 4475 1310 4582 palatinum
1338 4475 1386 4554 an
1415 4486 1549 4580 partes

148 4595 236 4677 illas
269 4595 512 4696 transmisit,
563 4597 632 4701 qui
667 4595 855 4678 Castrum
897 4598 1153 4679 Castelliani
1196 4612 1387 4677 vocatum
1432 4594 1548 4674 (lucis

147 4731 189 4797 et
226 4717 459 4798 communis
501 4715 774 4798 Veneciarum
818 4748 914 4799 curn
956 4746 1105 4825 magno
1148 4719 1332 4800 exercitu
1377 4716 1548 4817 obsedit,

147 4851 190 4921 et
220 4838 469 4920 continuatis
502 4838 656 4920 ibidem
690 4839 878 4945 pluribus
911 4841 1070 4942 (liebus,
1104 4842 1201 4948 quia
1235 4853 1413 4922 castrum
1442 4840 1548 4921 bene
