3660 5506
887 374 927 441 17

202 590 291 671 brie
325 591 532 697 requieuit
561 591 891 698 speculatoribus
918 592 1002 673 suis
1026 619 1100 698 per
1133 589 1272 671 rnornli
1309 600 1486 696 quatuor
1520 592 1614 696 pai·

203 726 267 793 tes
300 712 525 815 destinatis,
543 713 633 795 siue
666 712 905 796 distributis.
923 713 1240 821 Speculatorem
1277 711 1445 820 quidern
1483 711 1616 818 prirna

205 835 382 918 societas
414 835 467 916 de
500 835 728 917 Sicambria
770 836 987 918 ordinatim
1022 836 1061 916 in
1097 848 1303 943 quantuni
1346 828 1496 939 unus¹)
1531 833 1615 914 cla·

207 983 299 1038 rnor
341 958 543 1065 potuisset
584 957 635 1038 ad
680 958 806 1040 aliurn
852 958 1036 1040 exandiri
1080 957 1145 1038 die
1189 985 1237 1037 ac
1279 970 1401 1038 nocte
1446 954 1615 1037 Colonie

208 1076 471 1186 Gennanie²)
505 1094 612 1163 stare
647 1097 933 1163 consueuerat.
972 1083 1110 1162 Altera
1144 1108 1237 1188 pars
1272 1107 1405 1185 usque
1439 1078 1616 1182 Lituarn,

210 1203 338 1284 tercia
370 1203 410 1283 in
445 1200 561 1283 litore
600 1200 692 1283 Don
736 1203 849 1312 lluny
884 1205 923 1284 id
969 1220 1031 1287 est
1062 1203 1168 1303 litul,
1202 1201 1274 1284 sed
1311 1214 1456 1307 quarta
1489 1202 1617 1284 stacio

211 1325 351 1434 yadrie
375 1323 589 1406 llalrnacie
623 1326 790 1407 ciuitate
824 1327 1086 1409 consistebat.
1112 1325 1297 1420 Quonnn
1332 1324 1497 1430 quiden]
1534 1325 1617 1405 ela·

217 1476 331 1530 inore
375 1463 415 1528 et
447 1475 549 1528 voce
588 1447 685 1554 quid
729 1449 840 1529 Atila
881 1463 1020 1555 ageret
1062 1447 1128 1528 vel
1172 1447 1283 1555 quali
1327 1445 1616 1527 exercitacioni

218 1587 327 1652 esset
359 1571 534 1671 deditus
570 1570 707 1651 rnondi
742 1584 920 1678 quatuor
951 1585 1088 1681 partes
1121 1570 1225 1652 scire
1259 1568 1501 1676 potuissent.

380 1713 445 1791 14.
480 1710 688 1791 Pannonie
731 1711 958 1820 Panrpbilie
1000 1711 1131 1816 Frigie
1174 1709 1413 1791 blacedonie
1447 1724 1488 1791 et
1520 1709 1620 1792 Dal·

220 1833 350 1912 nracie
384 1834 572 1914 ciuitates
606 1860 688 1939 que
722 1862 795 1940 per
821 1835 956 1917 hunos
989 1832 1201 1915 obsidione
1236 1833 1379 1914 crebra
1412 1847 1529 1913 eraut
1559 1835 1620 1914 fa-

219 1955 355 2059 tigate,
391 1955 514 2035 natali
547 1955 634 2036 solo
667 1956 862 2037 derelicto
902 1959 942 2036 in
978 1955 1172 2063 Apuliffln
1207 1981 1282 2060 per
1314 1981 1425 2035 rnare
1458 1954 1621 2036 adriati-

219 2105 315 2158 cum
350 2077 523 2158 licencia
543 2078 596 2157 ab
618 2077 725 2158 Atila
742 2079 961 2184 impetrata
982 2077 1136 2161 seruire
1159 2076 1234 2183 ipsi
1253 2076 1363 2156 Atile
1386 2092 1620 2181 renuentes

219 2199 397 2281 dimissis
440 2200 636 2281 anuentis
681 2201 941 2298 transierunt,
975 2194 1188 2305 ulacbis³),
1222 2198 1293 2304 qui
1338 2198 1519 2304 ipsorurn
1553 2227 1621 2280 co·

219 2316 344 2428 louil)
379 2321 552 2401 extitere
586 2323 897 2405 remanentibus
935 2339 1082 2430 sperate
1117 2323 1155 2402 in
1190 2321 1412 2401 Pannonia.

380 2462 447 2541 15.
482 2459 671 2568 Cumque
704 2490 777 2543 rex
797 2462 908 2544 rltila
926 2465 1110 2570 quinque
1128 2461 1246 2542 annis
1281 2461 1319 2540 in
1354 2457 1621 2570 Sicanio-tab

222 2598 497 2691 repansasset,
520 2585 582 2665 sui
618 2587 825 2666 exercitus
858 2585 1079 2686 defectum,
1102 2583 1295 2664 videlicet
1327 2584 1451 2664 tercie
1484 2583 1621 2690 partis,

222 2734 304 2813 que
338 2706 497 2788 dudurn
537 2724 788 2789 rernanserat
829 2707 1095 2788 Catlralannis
1138 2705 1331 2786 resarcire
1374 2708 1621 2812 procurauit,

216 2829 414 2936 curiaque
448 2830 656 2911 celebrata
684 2857 873 2935 egressus
891 2831 942 2910 cle
963 2826 1183 2910 Parnronia'
1208 2823 1289 2933 in⁶)
1323 2826 1576 2910 Corinthiam
1588 2825 1619 2934 ἵ>

214 2948 379 3031 Stiriarn
412 2965 453 3032 et
485 2949 755 3053 Dalruacianr,
786 2953 1083 3060 occupatisque
1116 2950 1341 3032 rebellibus
1374 2950 1620 3057 petransiuit

214 3073 383 3154 tandem
417 3074 528 3180 apud
562 3075 708 3155 urbem
747 3072 941 3155 Salonam
975 3091 1015 3155 et
1047 3066 1317 3180 Spoletutnb,
1353 3073 1455 3154 rnari
1488 3072 1620 3153 adria·

214 3195 296 3275 tico
329 3223 373 3278 se
406 3197 624 3277 coniunxit
656 3198 887 3303 ambasque
921 3198 1045 3278 urbes
1078 3196 1176 3276 fecit
1209 3195 1473 3276 concremari.

375 3336 441 3416 16.
477 3333 547 3415 Ab
580 3337 648 3416 illo
671 3363 769 3417 vero
804 3337 894 3418 loco
928 3364 1117 3442 egressus
1152 3335 1335 3441 perrexit
1367 3335 1476 3416 cirea
1508 3362 1620 3416 mare

82 3466 89 3478 '
211 3451 500 3564 Traguriarn⁹)
549 3457 776 3539 Sardonarn
820 3457 1047 3540 Sibiniourn
1089 3452 1343 3562 dadr·ia1n¹⁰)
1387 3453 1620 3564 Nouarn¹¹)

213 3575 380 3660 Seniarn
424 3575 734 3687 Parencianr¹²)
776 3581 919 3668 Polam
963 3573 1299 3687 Capustriam¹³)
1344 3593 1385 3660 et
1425 3580 1621 3663 Terestri·

214 3695 378 3806 nam¹⁴)
412 3702 600 3785 ciuitates
633 3718 675 3783 et
695 3703 773 3783 alia
795 3704 924 3784 inulta
957 3702 1111 3811 oppida
1144 3703 1182 3781 in
1219 3701 1430 3784 montibus
1463 3702 1620 3786 discur-

214 3849 311 3904 rens
343 3825 535 3930 peruenit
568 3825 733 3905 tandein
773 3825 1045 3931 thuilegianr,
1072 3824 1190 3904 cuius
1223 3824 1380 3932 quippe
1414 3825 1621 3931 magnitu-

214 3943 313 4024 dine
346 3960 569 4053 conspecta
610 3947 831 4045 abhorruit,
866 3962 907 4027 et
940 3975 982 4029 se
1027 3947 1247 4026 confusum
1292 3942 1553 4055 reputans¹⁵)
1587 3948 1622 4030 si

214 4066 369 4148 dictant
413 4069 559 4150 urbem
603 4065 995 4176 inexpugnatarn¹⁶)
1040 4067 1271 4174 reliquisset
1313 4096 1386 4175 pro
1431 4096 1479 4150 eo
1527 4070 1622 4176 (ab)

215 4189 413 4292 rnaxinre,
442 4190 538 4298 quia
572 4190 711 4297 plures
745 4190 920 4273 rebelles
955 4189 1194 4296 longobardi
1226 4190 1277 4270 de
1310 4191 1523 4272 Pannonia
1556 4192 1623 4272 lu·

214 4362 424 4369 ---.—..—.

379 4445 402 4526 ¹)
427 4447 537 4523 unius.
570 4443 595 4526 ²)
619 4448 770 4522 ciuitate.
799 4449 876 4522 edd.
900 4445 927 4529 ³)
951 4450 1096 4525 vlaclris.
1118 4450 1188 4522 VP.
1206 4451 1245 4522 Β.
1276 4450 1441 4524 ualaohis.
1463 4454 1497 4524 S.
1516 4447 1543 4533 ⁴)
1568 4475 1622 4525 ca-

214 4550 301 4625 loni.
332 4553 366 4625 S.
398 4548 424 4627 ⁵)
457 4552 655 4626 Sicambrie.
687 4550 714 4635 ⁰)
747 4578 819 4648 per.
851 4548 878 4623 'l
902 4553 1056 4628 Corinth.
1088 4548 1115 4632 8)
1149 4554 1347 4628 dalmatiam
1388 4556 1624 4648 pertransiens

214 4656 310 4749 apud
338 4659 455 4731 urbem
483 4659 553 4731 Sal.
584 4667 618 4732 et
646 4659 833 4752 Spalelunr.
866 4655 892 4740 ξ’)
916 4659 1116 4753 Tragulam.
1153 4653 1194 4738 10)
1222 4659 1374 4732 ladrum.
1412 4656 1450 4738 ¹¹)
1479 4661 1623 4734 Nonam.

219 4756 266 4841 ¹²)
305 4761 506 4836 Perentiarn.
538 4765 572 4837 S.
608 4758 648 4845 ¹³)
687 4762 926 4856 Caputstriurn.
957 4765 1027 4837 VP.
1065 4765 1174 4859 Caput
1212 4763 1364 4858 ystriaur.
1394 4765 1428 4838 S.
1464 4759 1504 4847 ¹⁴)
1542 4764 1624 4838 Ter·

214 4865 401 4967 gestinam.
433 4869 468 4944 S.
502 4861 542 4951 ¹⁶)
571 4868 749 4965 deputans.
781 4870 850 4943 VP.
885 4864 927 4952 ¹⁶)
954 4867 1269 4965 inexpugnabilem.
1300 4869 1370 4942 VP.

1504 5006 1522 5064 ³
