3592 5490
820 374 978 478 ,⁹¹-

198 593 328 677 duces
361 591 549 674 similiter
579 585 802 696 fixerunt¹)
842 618 886 675 se
927 590 1126 674 diuinitus
1163 587 1465 702 ammonitos2),
1502 620 1599 675 con·

196 715 565 824 querebanturque
606 713 842 820 imperatori
883 714 1022 797 nescio
1060 713 1159 821 quid
1202 714 1359 822 opinari
1392 716 1490 798 mali
1522 717 1600 798 im·

199 834 370 940 minere,
412 837 445 919 si
493 861 576 918 non
618 835 698 916 cito
740 848 1058 918 reuerterentur.
1100 834 1300 944 Sequenti
1331 864 1430 919 vero
1476 851 1600 921 nocte

197 961 328 1042 duces
359 956 647 1042 instruxerunt
683 959 885 1064 quosdam
919 971 1077 1042 astutos
1118 959 1268 1041 milites
1301 974 1491 1062 suos,.ut
1520 962 1600 1068 ipsi

198 1081 463 1164 vociferando
495 1094 539 1162 et
569 1080 723 1188 clipeos
756 1108 853 1165 suos
895 1081 1128 1163 alternatim
1170 1082 1448 1188 percutiendo
1491 1083 1599 1165 sedi-

198 1205 363 1287 cionem
397 1216 529 1285 0rtam
561 1200 604 1283 in
636 1205 824 1286 exercitu
856 1203 1111 1287 simularent.
1134 1201 1251 1297 Quod
1276 1231 1372 1286 cum
1404 1205 1601 1288 fecissent

198 1327 362 1427 milites,
384 1351 560 1430 magnus
592 1350 705 1407 orror
735 1325 851 1408 irruit
882 1353 1008 1433 super
1038 1326 1330 1432 imperatorem
1364 1339 1405 1407 et
1437 1327 1599 1409 uniuer-

198 1477 291 1533 sum
326 1447 556 1529 exercitum
591 1449 822 1552 excogitate
854 1448 1009 1530 frondis
1029 1460 1070 1529 et
1094 1447 1375 1531 simulacionis
1408 1448 1598 1531 inscium.

199 1572 351 1654 Factus
384 1583 447 1653 est
478 1571 618 1676 itaque
651 1585 737 1651 tota
768 1583 890 1652 nocte
924 1570 993 1651 illa
1013 1569 1218 1652 tumultus
1236 1571 1477 1676 magnusin
1510 1598 1599 1654 cas-

198 1694 282 1777 tris.
316 1691 437 1775 Mane
470 1707 609 1773 autem
643 1693 752 1773 facto
786 1691 1035 1775 conuocauit
1066 1690 1290 1799 imperator
1321 1693 1597 1799 patriarcham

199 1832 242 1897 et
272 1815 402 1898 duces
434 1816 474 1895 in
509 1813 727 1896 consilium
746 1828 792 1896 nt
814 1816 1090 1897 deliberarent
1111 1812 1310 1921 quidnam
1334 1829 1443 1898 esset
1473 1841 1600 1921 agen·

199 1939 313 2019 dum.
355 1935 587 2018 Patriamha
630 1962 725 2042 ergo
769 1952 810 2019 et
828 2012 832 2017 .
851 1938 980 2019 duces
1024 1936 1204 2043 pecunia
1243 1937 1422 2044 corrupti
1468 1938 1600 2020 modis

199 2059 395 2141 omnibus
437 2058 737 2141 consuluerunt
768 2060 805 2140 ei
842 2073 888 2141 nt
928 2052 1257 2164 reuerteretnr³).
1292 2056 1417 2141 Cesar
1458 2072 1599 2141 autem

197 2182 371 2289 ingenys
404 2180 604 2287 deceptus
626 2177 868 2287 simulans⁴)
902 2208 946 2262 se
969 2179 1179 2261 Salomoni
1211 2180 1252 2260 in
1285 2194 1498 2288 posterum
1525 2208 1599 2264 an·

197 2304 453 2404 xiliaturum,
479 2301 697 2384 destructis
730 2303 909 2385 nauibus
942 2303 982 2383 in
1015 2301 1262 2383 Teutoniam
1296 2315 1359 2385 est
1391 2328 1594 2386 reuersus.

194 2425 251 2506 At
296 2452 370 2505 rex
414 2422 608 2505 Salomon
651 2452 725 2532 spe
766 2425 984 2512 frustratus
1024 2423 1314 2528 gemebundus
1355 2451 1404 2506 ac
1442 2422 1600 2507 mestus
1642 2525 1645 2531 Ι

195 2546 362 2652 collegit
393 2573 437 2628 se
471 2547 510 2626 in
535 2545 680 2628 Poson.
699 2546 1082 2652 Confirmatumque
1106 2560 1169 2628 est
1189 2572 1362 2651 regnum
1399 2548 1437 2628 in
1473 2574 1601 2631 rnann

193 2671 332 2779 Geyse
366 2669 483 2773 regis,
517 2665 598 2774 et⁵)
643 2697 691 2748 eo
735 2683 920 2777 tempore
962 2669 1176 2775 inceptum
1221 2681 1283 2751 est
1323 2695 1475 2750 nomen
1510 2670 1599 2752 eius

191 2791 330 2872 vocari
343 2787 374 2897 ⁶)
407 2817 482 2871 rex
517 2786 744 2897 Magnus⁷).

359 2912 456 3000 109.
501 2909 598 2993 Dux
641 2927 780 2994 autem
824 2912 1036 2996 Ladislaus
1080 2912 1242 2994 obsedit
1282 2913 1415 2995 Posou
1458 2914 1599 2995 multis

191 3035 356 3116 diebus.
391 3033 540 3116 Milites
573 3061 670 3116 vero
710 3029 981 3142 Salomonis⁸)
1022 3035 1092 3141 qni
1136 3034 1441 3116 necessitudine
1486 3062 1597 3115 com·

190 3157 380 3265 pellente
412 3157 464 3236 ad
496 3157 731 3237 Ladislanm
767 3158 916 3237 ducem
939 3156 1163 3238 veniebant
1184 3156 1310 3261 regali
1341 3157 1598 3257 liberalitate,

191 3294 236 3361 et
268 3305 346 3360 sua
378 3277 632 3383 benignitate
666 3274 933 3385 largissima⁹)
966 3278 1273 3379 refouebantur,
1308 3292 1349 3359 et
1381 3279 1431 3359 ad
1466 3279 1597 3360 domi·

191 3428 296 3482 num
332 3427 454 3483 suum
488 3400 617 3482 libere
651 3402 707 3481 ire
741 3401 1098 3507 permittebantur.
1125 3399 1214 3480 Rex
1248 3413 1388 3481 autem
1424 3399 1598 3505 Magnus

191 3550 245 3604 eo
280 3538 467 3630 tempore
500 3521 644 3604 Natale
686 3523 842 3603 domini
882 3523 923 3603 in
966 3523 1091 3629 (43b)
1133 3521 1315 3603 Zukzard
1360 3522 1597 3625 celebrauit,

191 3671 279 3752 quo
315 3660 481 3752 petente
514 3644 850 3752 archiepiscopus
884 3643 1122 3726 Desiderins
1164 3644 1394 3725 solemnem
1429 3645 1597 3726 missam

192 3766 435 3867 celebrauit,
458 3782 501 3847 et
531 3793 721 3848 sermone
753 3767 1007 3848 lucidissimo
1040 3766 1225 3847 animum
1259 3766 1364 3874 regis
1398 3765 1597 3870 (leliniuit,

194 3889 321 3970 etad
355 3889 511 3969 bonum
555 3888 669 3995 pacis
712 3888 936 3970 inclinauit.
974 3887 1275 3995 Celebrataqne
1308 3887 1434 3970 missa
1465 3889 1598 3970 omni·

193 4014 273 4094 bus
286 4005 338 4117 ¹⁰)
356 4010 432 4091 rite
453 4011 629 4118 peractis
655 4010 841 4118 precepit
857 4036 932 4090 rex
948 4023 996 4092 ut
1016 4036 1160 4091 omnes
1180 4010 1473 4116 egrederentur
1504 4039 1598 4120 pre·

195 4148 258 4214 ter
290 4131 508 4240 episcopos
541 4148 582 4213 et
613 4133 799 4214 abbates
820 4131 938 4214 Tunc
971 4159 1045 4213 rex
1078 4159 1174 4212 cum
1208 4133 1387 4216 lacrimis
1419 4147 1599 4240 prostra-

357 4458 382 4543 ¹)
408 4461 531 4536 linxer.
553 4460 655 4537 simil.
675 4454 712 4547 ³)
740 4460 917 4535 attonitos.
940 4457 975 4541 ³).
994 4464 1258 4534 reuerterentur.
1282 4458 1319 4537 S.
1351 4457 1379 4543 ⁴)
1407 4459 1597 4535 simulatus.

200 4569 231 4641 S.
253 4562 289 4649 ⁶)
318 4589 372 4640 ex.
403 4563 432 4646 ⁶)
456 4569 610 4660 tempore
639 4557 778 4639 iocatus
807 4570 861 4639 est
888 4587 949 4639 rex
980 4565 1021 4636 ll.
1055 4558 1081 4644 ⁷)
1106 4565 1332 4659 ducatumque
1370 4564 1463 4639 dedit
1495 4563 1598 4639 fratri

202 4693 257 4746 sno
285 4671 458 4745 Ladiulao.
495 4671 572 4744 add.
612 4670 688 4744 VP.
720 4665 745 4744 ⁸)
770 4671 922 4746 duellum
958 4668 1148 4743 Salomonis
1176 4691 1252 4744 cum
1279 4669 1440 4744 Ladislao
1477 4668 1598 4745 inserit

202 4774 271 4851 VP.
303 4770 330 4859 ⁹)
358 4774 605 4869 benignissima
637 4774 802 4868 largitato
831 4774 871 4848 Α.
902 4774 939 4849 S.
968 4773 1176 4869 largissime.
1216 4774 1256 4848 V.
1295 4773 1407 4848 ducali
1434 4773 1598 4849 libertate

205 4883 233 4952 et
258 4879 518 5000 benignissima
534 4879 709 4973 largitate.
738 4879 818 4969 VPe
852 4875 891 4957 ¹⁰)
921 4877 1155 4971 omnibusque.
1185 4877 1228 4952 A.
1258 4879 1295 4957 S.
