3592 5490
952 336 994 401 48

273 550 411 656 itaque
445 550 728 632 sanctissimus
763 566 877 658 pater
917 553 1175 634 sanctissimo
1211 551 1291 631 tilio
1324 577 1466 630 curam
1499 547 1679 629 admini-

274 673 487 754 stracionis
535 684 577 753 et
622 673 880 777 gubernandi
928 676 1042 781 regni
1089 673 1394 756 solicitudinem
1444 670 1682 752 intenderet

273 794 542 896 committere,
576 795 722 876 beatus
755 794 842 876 dux
860 795 1073 879 Emericus
1097 821 1346 903 prepropera
1358 789 1385 901 ¹)
1419 806 1550 874 morte
1582 818 1680 899 pre·

274 928 500 1024 preuentus
543 928 617 997 est.
660 916 795 998 Fleuit
839 932 978 999 autem
1027 947 1123 1000 cnm
1174 931 1341 998 sanctus
1386 943 1459 995 rex
1503 913 1681 1021 Stepha-

272 1066 352 1120 nus
385 1050 427 1118 et
458 1038 654 1119 uniuersa
684 1037 894 1144 Hungaria
934 1040 1282 1122 inconsolabiliter
1318 1039 1488 1145 planctu
1527 1062 1681 1142 magno

274 1160 406 1241 valde.
439 1161 569 1241 Tanta
587 1187 683 1241 vero
705 1161 854 1242 doloris
872 1164 1095 1245 acerbitate
1127 1174 1296 1244 sanetus
1332 1188 1404 1240 rex
1439 1158 1680 1266 Stephanus

274 1283 560 1385 exacerbatus,
594 1282 635 1361 in
673 1281 957 1388 grauissimam
1003 1285 1143 1365 incidit
1185 1283 1474 1384 infirmitatem,
1510 1295 1552 1360 et
1585 1294 1684 1387 post

274 1405 427 1486 multos
461 1403 548 1486 dies
566 1404 636 1484 vix
671 1406 1008 1514 qualemcunque
1048 1407 1129 1488 vite
1167 1405 1475 1513 reparacion'em
1509 1402 1681 1510 recepit,

273 1526 346 1609 sed
379 1526 548 1633 pristine
581 1526 745 1607 sanitati
785 1556 1001 1635 nunquam
1045 1529 1167 1637 plene
1201 1528 1334 1635 potuit
1376 1526 1545 1628 restitui,
1580 1552 1682 1606 narn

275 1661 316 1729 et
357 1649 511 1755 pedum
557 1649 766 1730 doloribus
809 1652 1043 1756 urgebatur,
1078 1666 1119 1731 ct
1155 1650 1322 1732 tristicia
1364 1675 1413 1729 ac
1455 1647 1684 1754 gemitibus

275 1765 587 1877 afficiebatur2),
621 1773 835 1878 presertim
881 1789 1107 1881 propterea,
1142 1773 1239 1881 quia
1280 1772 1420 1853 nullus
1460 1771 1684 1851 ridebatur

274 1893 326 1973 de
361 1893 676 1998 consanguineis
709 1894 794 1976 suis
837 1895 1010 1979 idoneus
1051 1897 1102 1976 ad
1136 1895 1225 1995 hoc,
1259 1908 1306 1975 ut
1338 1920 1386 1974 eo
1422 1904 1582 1974 mortuo
1615 1920 1684 1972 re·

274 2043 403 2120 gnum
436 2016 477 2121 in
510 2014 590 2096 fide
625 2013 772 2097 Christi
807 2017 1279 2100 conse1·uaret.Pr·oni0r
1312 2016 1462 2096 etenim
1499 2027 1585 2096 erat
1617 2028 1685 2095 at-

276 2165 358 2244 que
393 2132 612 2244 paratior³)
646 2166 747 2242 gens
790 2139 1014 2246 hungarica
1057 2141 1150 2220 ritui
1196 2139 1435 2246 paganismo
1478 2136 1681 2239 inclinari,

278 2285 403 2367 quam
438 2258 533 2340 fidei
567 2258 806 2342 Christiane.

436 2400 506 2481 68.
539 2401 706 2481 lnterim
741 2427 838 2481 vero
872 2401 1026 2483 viribus
1071 2401 1250 2507 corporis
1295 2399 1405 2505 cepit
1449 2399 1573 2505 (aab)
1617 2426 1687 2479 re·

276 2516 442 2629 pentel)
476 2522 655 2624 destitui,
683 2536 724 2603 et
756 2523 953 2628 languore
986 2522 1352 2604 vehementissimo
1385 2548 1429 2603 se
1461 2536 1689 2626 grauatum

276 2643 465 2727 senciens
499 2643 609 2726 misit
639 2645 881 2726 festinanter
921 2646 1122 2728 nuncium
1165 2644 1322 2726 scilicet
1354 2643 1513 2725 Budam
1548 2642 1687 2724 filium

274 2765 451 2875 Egyruh,
487 2766 557 2873 qui
591 2765 717 2848 Vazul
751 2768 948 2874 patruelis
981 2768 1044 2850 sui
1078 2767 1379 2873 liliu1n,quem
1411 2761 1686 2876 recluserat⁵)

274 2902 442 2996 propter
473 2889 699 2970 iuuenilem
732 2889 946 2971 lasciuiam
982 2905 1022 2970 et
1060 2889 1284 2972 stulticiam
1317 2902 1364 2969 ut
1397 2888 1686 2992 corrigeretur,

275 3011 327 3091 de
360 3037 523 3092 carcere
558 3010 683 3091 Nitrie
717 3011 923 3111 educeret,
945 3025 986 3092 et
1018 3013 1069 3092 ad
1102 3039 1146 3094 se
1179 3011 1362 3110 duceret,
1397 3023 1443 3091 ut
1475 3037 1571 3091 eum
1605 3036 1687 3091 an·

278 3147 447 3240 tequam
491 3130 759 3240 morereturl)
801 3162 939 3240 regem
985 3135 1263 3216 constitueret.
1309 3133 1496 3214 Audiens
1537 3144 1686 3213 autem

278 3255 355 3335 hoc
388 3251 582 3363 Keyslal)
626 3256 766 3361 regina
808 3257 897 3364 inyt
937 3257 1152 3338 consilium
1197 3283 1290 3336 cum
1339 3254 1457 3337 Buda
1490 3254 1575 3336 viro
1608 3282 1687 3335 ne·

275 3376 454 3484 phando,
489 3391 530 3457 et
561 3378 897 3461 festinantissime
937 3378 1047 3460 misit
1089 3377 1289 3460 nuncium
1332 3377 1501 3457 nomine
1533 3374 1687 3479 SebuS,

275 3498 405 3579 lilium
440 3499 567 3606 ipsius
592 3499 708 3581 Bada
740 3501 791 3581 ad
825 3528 1032 3581 carcerem
1067 3501 1107 3582 in
1141 3497 1371 3607 qroazul
1405 3498 1688 3582 detinebatur.

276 3619 410 3702 Sebus
443 3621 581 3728 itaque
624 3624 874 3729 preueniens
917 3623 1118 3705 nuncium
1163 3617 1321 3728 regis⁸),
1357 3621 1496 3702 effodit
1538 3621 1688 3704 oculos

277 3741 417 3844 Vazul,
452 3756 492 3823 et
525 3743 805 3826 concauitates
838 3745 1000 3826 aurium
1034 3746 1121 3827 eius
1167 3743 1339 3850 plumbo
1383 3743 1606 3843 obturauit,
1644 3760 1689 3824 et

275 3865 444 3947 recessit
475 3865 517 3945 in
550 3866 804 3948 Bohemiam.
841 3862 976 3972 rosel>
1018 3880 1157 3948 autem
1192 3867 1363 3947 veniens
1404 3865 1584 3947 nuncius
1619 3893 1688 3948 re·

275 3987 357 4093 gis,
392 3986 519 4069 Vazul
554 3989 684 4070 oculis
718 3990 908 4070 orbatum
943 3988 985 4068 iu
1018 3983 1246 4095 eisdem¹⁰)
1280 3988 1521 4070 vulneribus
1560 3986 1691 4069 duxit

276 4110 328 4190 ad
361 4136 512 4214 regem.
535 4109 668 4204 Quem
702 4125 869 4193 sanctus
904 4139 975 4190 rex
1012 4111 1247 4219 Stephanus
1268 4110 1413 4191 videns
1444 4124 1526 4191 tam
1558 4109 1689 4192 mise·

275 4232 457 4313 rabiliter
487 4233 758 4333 destructum,
791 4233 832 4312 in
865 4234 1012 4315 nimias
1046 4234 1181 4339 erupit
1213 4233 1415 4334 lacrimae,
1441 4232 1514 4314 sed
1547 4232 1689 4340 impe·

277 4354 416 4436 diente
450 4354 690 4460 egritudinis
725 4355 912 4437 molestia
945 4357 1128 4437 debitam
1161 4383 1313 4464 penam
1348 4354 1690 4439 malefactoribus

277 4545 484 4554 ...ᾤ-

437 4629 461 4712 ¹)
484 4631 625 4727 propria
653 4633 723 4705 VP.
755 4627 779 4708 ²)
804 4636 839 4704 et
868 4675 915 4685 -
944 4632 1168 4706 alliciebatur.
1198 4656 1264 4706 om.
1296 4627 1322 4712 ³)
1356 4635 1458 4723 atque
1486 4635 1587 4725 parat
1617 4654 1689 4706 om.

278 4733 305 4820 ⁴)
339 4759 403 4809 ona
436 4733 463 4813 5)
503 4739 697 4811 reduxerat.
741 4735 778 4811 S.
817 4733 844 4819 ⁶)
876 4735 1067 4810 moriretur.
1112 4737 1149 4813 S.
1191 4732 1217 4804 'l
1251 4734 1388 4831 Keysia.
1440 4729 1467 4815 ⁸)
1504 4736 1691 4828 sequentia

276 4865 404 4938 nsque:
434 4843 544 4916 Vazul
572 4842 679 4916 erulis
707 4843 778 4915 orb.
808 4864 873 4916 0111.
905 4843 940 4915 S.
971 4837 997 4924 9)
1029 4843 1129 4918 huuc.
1160 4842 1236 4915 add.
1280 4837 1320 4921 ¹⁰)
1348 4838 1466 4914 oculis.
1503 4839 1580 4913 add.
1615 4842 1691 4919 VP.
