3592 5490
835 345 990 448 grc—

549 553 748 636 Morltur
775 565 965 639 sanetus
992 553 1256 659 Stephanus

368 802 435 884 29.
470 805 592 885 Anno
625 805 738 911 regni
771 806 835 887 sui
867 805 1013 906 XLVI,
1056 805 1107 885 de
1142 832 1284 888 meuse
1317 805 1536 912 August03
1580 783 1629 889 et

207 927 249 1007 in
283 926 452 1008 basilica
469 926 641 1008 Albensi
675 928 882 1034 sepelitur,
916 941 957 1007 et
989 927 1122 1008 omnis
1156 928 1335 1035 populus
1358 929 1473 1033 regni
1495 929 1622 1036 plan-

207 1051 270 1131 xit
300 1048 425 1149 ade0‚
470 1048 580 1155 quod
622 1049 752 1131 tribus
785 1050 902 1131 annis
935 1049 1206 1155 sequentibus
1240 1076 1360 1130 corea
1394 1077 1619 1157 nunquam

206 1172 294 1253 visa
326 1184 407 1274 est,
455 1197 594 1277 neque
626 1199 757 1277 genus
792 1173 1042 1253 musicorum
1077 1172 1334 1252 exauditum.
1377 1171 1435 1252 At
1466 1174 1619 1278 regina

205 1294 358 1402 Keysla
379 1321 473 1374 cum
492 1292 609 1373 Buda
627 1293 790 1375 Petrum
811 1295 1089 1375 Alamannum
1124 1294 1188 1374 vel
1223 1293 1367 1401 pocius
1385 1293 1617 1398 Venetum,

203 1417 369 1497 fratrem
404 1414 588 1497 eiusdem
613 1416 762 1520 'regine
796 1444 934 1522 regem
968 1415 1165 1522 preficere
1197 1429 1452 1517 statuerunt,
1504 1444 1617 1524 qua·

202 1551 324 1621 tenus
356 1537 497 1642 regina
529 1552 666 1620 motus
698 1566 772 1619 sue
805 1537 1027 1620 voluntatis
1059 1564 1133 1644 pro
1167 1538 1336 1619 libidine
1379 1556 1616 1644 exerceret,

203 1674 245 1741 et
277 1687 447 1766 reguum
482 1660 700 1741 teutonicis
733 1661 992 1741 subderetur.
1026 1657 1273 1741 Wilhelmus
1311 1673 1450 1741 autem
1492 1675 1618 1768 pater

202 1782 309 1863 Petri
340 1781 419 1864 fnit
450 1781 574 1862 irater
612 1781 862 1886 Sigismuudi
905 1781 1010 1888 regis
1054 1781 1290 1886 Burgundie
1340 1782 1484 1889 pbstea
1536 1811 1614 1890 pe-

201 1905 371 2012 rempti,
421 1929 503 2010 quo
551 1904 658 1984 facto
703 1903 949 1986 Willrelmus
990 1921 1159 1985 venerat
1200 1904 1251 1983 ad
1292 1904 1617 2012 imperatorem;

202 2053 328 2135 quem
360 2027 583 2132 imperator
615 2027 833 2107 collocauit
865 2026 1071 2135 Veuecys,
1106 2041 1146 2107 et
1178 2026 1348 2106 dederat
1379 2027 1456 2109 sibi
1492 2054 1614 2110 soro·

200 2176 285 2230 rem
325 2176 443 2232 suam
486 2147 673 2230 Gerdrnd
715 2149 755 2228 in
800 2175 997 2251 uxorem,
1047 2175 1101 2228 ex
1144 2175 1228 2254 qua
1269 2148 1423 2256 Keysla
1463 2151 1616 2255 regina

199 2272 337 2377 genita
386 2284 466 2373 est,
519 2269 682 2352 Mortua
729 2271 917 2353 Gerdrud
965 2269 1212 2352 Wilhelmus
1260 2270 1381 2352 duxit
1423 2298 1613 2354 sororem

199 2394 331 2475 sancti
363 2391 561 2500 Stephani
594 2395 712 2499 regis,
746 2394 797 2474 de
831 2421 913 2501 qua
947 2393 1089 2474 Petrus
1122 2392 1198 2474 iste
1232 2407 1470 2500 procreatus
1507 2410 1585 2476 est.

357 2517 426 2597 30.
460 2515 681 2622 Postquam
715 2528 853 2597 autem
883 2517 1024 2597 Petrus
1058 2527 1120 2596 est
1151 2515 1284 2597 factus
1316 2542 1407 2616 rex,
1443 2516 1611 2601 nobiles

198 2637 408 2743 Huugarie
442 2639 751 2746 aspernabatur,
786 2640 894 2720 bona
927 2655 1032 2718 terre
1066 2665 1161 2718 cum
1196 2636 1415 2719 teutonicis
1444 2651 1487 2717 et
1514 2638 1612 2720 lati-

197 2759 261 2840 nis
304 2760 565 2863 deuoraud0,
616 2760 784 2842 castella
825 2773 866 2840 et
903 2771 1035 2841 castra
1067 2758 1179 2839 dedit
1210 2759 1430 2840 teutonicis
1463 2777 1610 2843 custo-

197 2881 360 2962 dienda.
392 2881 490 2962 Erat
521 2897 708 2989 preterea
740 2909 815 2964 suo
848 2896 1034 2989 tempore
1068 2881 1201 2962 omnis
1234 2881 1438 2989 pudicicie
1464 2883 1611 2967 cultus

196 3003 382 3088 abiectus
416 3004 520 3085 adeo
553 3018 599 3086 ut
642 3005 864 3086 satellitum
909 3004 1064 3085 insultu
1107 3003 1283 3108 virgines
1325 3003 1497 3110 impune
1540 3033 1609 3087 ra·

194 3138 403 3233 perentur.
440 3125 625 3231 Hungari
659 3127 742 3233 regi
776 3154 900 3233 super
948 3126 1185 3207 huiusmodi
1232 3126 1446 3231 conquesti
1492 3144 1607 3210 suut.

195 3244 274 3328 Sed
308 3275 384 3328 rex
416 3275 499 3329 non
534 3251 716 3351 curabat,
750 3277 846 3358 ymo
880 3249 1044 3329 dicebat
1075 3275 1119 3330 se
1152 3247 1259 3329 velle
1281 3273 1426 3328 omnes
1448 3248 1606 3355 princi-

194 3383 339 3478 patus,
388 3370 571 3452 domiuia
602 3385 643 3452 ct
674 3371 826 3453 iudicia
858 3399 954 3452 eum
987 3370 1206 3453 teutonicis
1239 3369 1511 3472 constituere,
1563 3389 1607 3455 et

192 3491 446 3599 Hungariam
482 3522 578 3575 cum
612 3494 830 3575 teutonicis
864 3493 1060 3601 implere3
1093 3503 1134 3572 et
1167 3492 1276 3599 quod
1296 3491 1470 3597 hungari
1488 3492 1604 3576 dice·

192 3629 334 3697 rentur
381 3616 433 3697 ab
482 3617 754 3722 augariaud0‚
805 3616 916 3722 quod
969 3641 1069 3722 sepe
1126 3614 1326 3697 deberent
1382 3614 1602 3720 angariari.

192 3735 344 3843 Vngari
377 3764 474 3820 vero
508 3740 753 3844 congregati,
788 3751 829 3818 et
861 3737 1166 3819 communicato
1189 3737 1358 3818 consilio
1380 3737 1603 3846 episcopo·

190 3887 304 3962 rum,
354 3861 659 3942 constituerunt
709 3863 842 3942 Abam
892 3861 930 3940 iu
979 3885 1137 3964 regem,
1187 3860 1256 3967 qui
1299 3858 1378 3940 fuit
1418 3861 1603 3946 sororius

188 3983 320 4063 sancti
353 3980 551 4090 Stephani
584 3984 701 4088 regis.
735 3982 853 4077 Quod
889 4011 983 4064 cum
1019 3981 1161 4063 Petrus
1199 3981 1369 4063 vidisset
1408 3982 1515 4087 fugit
1557 3985 1602 4066 in

187 4103 404 4185 Bauariam
456 4106 504 4184 ad
551 4105 839 4211 imperatorem
887 4104 1128 4186 Heinricum
1178 4104 1297 4185 Buda
1343 4103 1507 4184 interim
1559 4121 1603 4188 et

188 4224 322 4309 Sabus
355 4255 451 4308 cum
486 4228 650 4309 duobus
683 4228 774 4336 filys
809 4227 1079 4334 perimuntur.

347 4350 415 4430 31.
449 4350 542 4430 Aba
575 4350 696 4454 igitur
727 4350 850 4455 regali
873 4362 1077 4455 potestate
1099 4348 1361 4449 sublimatus²
1395 4347 1433 4427 in
1453 4375 1599 4456 regem

189 4484 250 4552 est
283 4484 558 4572 consecratum,
592 4489 632 4551 et
665 4472 790 4552 tercio
823 4497 932 4551 arrno
964 4471 1079 4576 regni
1104 4470 1168 4551 sui
1189 4470 1445 4578 Petrusloum
1464 4469 1598 4553 Hein-

187 4595 270 4673 rico
332 4621 424 4698 rege
478 4594 780 4674 teutonicorum
831 4593 1044 4674 descendit
1092 4593 1132 4671 in
1186 4591 1438 4698 Huugariam
1495 4584 1598 4676 oum

188 4717 373 4798 exercitu
407 4743 555 4821 magno
590 4730 731 4797 contra
763 4714 913 4797 ribam.
957 4716 1048 4795 Aba
1088 4741 1195 4794 anuo
1238 4714 1392 4794 domini
1436 4712 1600 4800 MXLll

189 4838 297 4924 misit
328 4839 501 4921 nuncios
535 4840 584 4920 ad
619 4865 801 4922 cesarem
835 4837 997 4921 sinam
1030 4836 1309 4919 inimicaretur
1342 4836 1379 4918 ei
1420 4862 1495 4947 pro
1529 4866 1597 4947 ea,
