3592 5490
901 338 1056 441 —mt-

278 567 365 635 erat
383 553 599 636 fortificata
621 567 662 634 et
690 554 850 634 munita
877 580 1118 664 expugnare
1139 554 1309 635 minime
1341 567 1582 662 potuerunt.
1633 557 1689 639 Et

277 675 355 759 hoc
384 676 529 758 videns
562 676 670 757 idem
699 703 786 778 rex,
820 702 901 756 non
932 679 1021 760 sine
1039 703 1188 782 magno
1207 677 1388 784 dampno
1404 705 1684 785 personarum

277 812 318 880 et
349 827 499 900 rerum,
533 827 629 881 cum
665 824 739 880 suo
770 800 956 881 exercitu
990 800 1039 880 ad
1063 799 1228 907 propria
1245 800 1365 907 (ata)
1386 813 1448 883 est
1467 829 1681 886 reuersus

276 922 431 1003 Gentes
464 934 604 1004 antem
644 935 887 1002 venetorum
925 935 1007 1003 tam
1048 923 1086 1002 in
1127 921 1215 1028 ipsa
1252 922 1501 1025 municione,
1548 950 1683 1030 quarn

275 1044 406 1125 eciam
439 1071 516 1151 per
550 1070 661 1123 mare
695 1043 734 1122 in
769 1043 895 1147 galeis
944 1044 1200 1126 obsidionem
1246 1044 1548 1146 continuantes,
1604 1074 1683 1153 per

274 1166 573 1247 tradimentum
595 1165 827 1271 aliquorum
850 1164 901 1245 de
921 1166 1104 1266 ciuitate,
1144 1165 1353 1247 ciuitatem
1389 1167 1566 1248 candem
1603 1171 1681 1251 ob·

273 1289 497 1390 tinuerunt‚
532 1301 573 1368 et
605 1287 756 1369 multos
790 1286 903 1368 ciues
937 1301 977 1367 et
1009 1287 1167 1368 nobiles
1194 1287 1244 1367 de
1267 1287 1411 1368 eadem
1436 1289 1682 1372 decollaue·

274 1424 379 1513 runt,
414 1423 455 1491 et
486 1409 658 1492 diuersis
691 1409 904 1490 tormentis
938 1409 1188 1491 cruciatibus
1221 1414 1262 1489 et'
1282 1411 1400 1517 penis
1419 1410 1680 1494 afflixerunt.

271 1532 423 1615 Multos
456 1548 541 1613 tam
573 1532 681 1613 viros
714 1558 840 1638 quam
875 1531 1004 1613 eciam
1038 1532 1213 1613 feminas
1246 1532 1406 1614 nobiles
1440 1546 1481 1613 et
1509 1535 1680 1640 puellas

271 1654 472 1737 Venecias
507 1654 546 1735 in
581 1653 862 1761 captiuitatem
898 1653 1173 1755 deduxerunt,
1203 1667 1244 1733 et
1270 1653 1360 1734 bew
1384 1655 1682 1738 miserabiliter

271 1777 394 1860 deum
445 1803 527 1859 non
576 1787 777 1877 verentes,
826 1802 904 1855 nec
944 1776 1041 1856 etati
1081 1804 1159 1856 nec
1191 1776 1312 1858 sexui
1346 1777 1679 1884 compacientes,

269 1899 379 2007 ipsas
427 1900 602 1982 feminas
651 1913 692 1979 et
739 1897 898 2004 puellas
946 1913 988 1978 et
1034 1899 1135 1980 alios
1172 1898 1358 2006 captiuos
1397 1899 1437 1979 in
1475 1927 1679 2008 persona,

268 2022 377 2103 fame
412 2038 452 2103 et
483 2022 560 2125 siti,
594 2021 729 2103 solum
764 2019 845 2100 vita
868 2020 965 2126 ipsis
979 2021 1208 2103 miserrima
1224 2036 1398 2122 seruata,
1419 2022 1678 2121 cruciarunt,

269 2158 310 2226 et
340 2159 486 2252 postea
517 2143 753 2226 successiue
786 2142 826 2222 in
861 2143 1135 2225 carceralibus
1173 2143 1292 2251 penis
1329 2144 1440 2250 ipsos
1479 2172 1680 2252 pereme-

267 2279 374 2349 runt.
408 2264 588 2374 De.quo
620 2266 729 2346 lacto
762 2264 871 2344 idem
905 2292 979 2344 rex
1013 2266 1138 2347 anxie
1172 2264 1328 2366 dolenS,
1362 2293 1407 2349 se
1433 2265 1679 2351 vindicatu-

266 2418 357 2471 rum
391 2388 623 2471 firmissime
657 2388 872 2495 proposuit
903 2402 1090 2495 tempore
1124 2414 1167 2469 se
1203 2387 1254 2468 ad
1286 2388 1365 2467 hoc
1397 2388 1612 2476 offerente.

638 2661 721 2756 (De
749 2667 895 2743 morte
923 2660 1110 2743 Andree
1137 2662 1295 2767 regin.)

422 2887 520 2975 176.
545 2891 692 2975 Postea
724 2919 819 2973 vero
856 2892 970 2973 breui
1003 2906 1189 3001 tempore
1223 2895 1399 2978 decurso
1422 2895 1519 3003 quia
1536 2898 1673 2980 nichil

261 3044 370 3126 pene
403 3017 443 3097 in
477 3014 701 3122 semetipso
735 3028 875 3095 nranet
906 3015 1064 3118 stabile,
1083 3018 1155 3098 sed
1174 3017 1299 3099 currit
1315 3031 1480 3125 tempus
1498 3045 1675 3128 semper

261 3140 415 3223 multas
449 3137 652 3219 euoluens
687 3137 957 3240 nmtaciones,
992 3165 1094 3245 quas
1127 3166 1264 3247 neque
1296 3139 1514 3246 preuidere
1541 3143 1670 3226 facile

262 3276 335 3366 est,
368 3288 447 3344 nec
475 3259 706 3368 predicere3
740 3274 782 3338 et
813 3259 869 3340 nil
903 3273 965 3341 est
998 3261 1108 3368 quod
1129 3262 1447 3344 mutabilitatem
1464 3289 1545 3344 non
1567 3293 1668 3347 seu-

260 3385 344 3489 tiat,
393 3398 434 3466 et
476 3382 634 3465 bellum
675 3382 715 3461 in
761 3382 897 3463 media
938 3409 1040 3490 pace
1084 3385 1304 3490 consurgit.
1343 3385 1506 3466 Accidit
1539 3413 1667 3471 casus

259 3506 536 3590 lamentabilis
569 3519 610 3585 et
643 3504 821 3585 enormis
854 3504 906 3584 de
939 3518 1070 3586 morte
1104 3508 1313 3613 qnondam
1348 3507 1477 3589 incliti
1508 3509 1666 3616 princi-

257 3631 321 3739 pis
354 3627 511 3712 domini
542 3624 773 3710 Jerusalem
809 3641 850 3706 et
881 3624 1017 3708 Sicilie
1050 3628 1155 3735 regis
1188 3630 1320 3714 fratris
1359 3630 1508 3712 uterini
1550 3631 1666 3716 eius·

258 3754 354 3835 dem
383 3749 579 3834 Lodouici
607 3747 817 3855 Hungarie
839 3750 956 3855 regis,
975 3750 1047 3856 qui
1063 3778 1138 3859 per
1154 3752 1402 3836 sceleratum
1420 3751 1664 3837 Conradum

260 3876 312 3957 de
344 3873 594 3981 Kathancys,
628 3886 669 3953 et
700 3872 799 3954 alios
818 3871 1056 3979 proditores,
1076 3901 1129 3954 ex
1152 3875 1447 3983 procuracione
1473 3876 1664 3961 mulieris

257 3997 460 4098 dohanuc,
494 3995 536 4075 in
569 3995 664 4076 aula
697 3995 824 4102 ipsius
858 3994 961 4099 regis
996 3995 1160 4078 Andree
1195 4000 1391 4080 morantis
1417 3998 1458 4078 in
1487 3998 1663 4081 ciuitate

258 4124 431 4219 Auersa,
465 4143 546 4224 que
580 4117 736 4198 utinam
769 4117 915 4198 luisset
946 4119 1172 4222 submersa,
1208 4121 1343 4202 extitit
1373 4120 1583 4227 iugulatus
1619 4138 1665 4204 et

256 4247 540 4349 interemptus.
577 4238 628 4319 Et
658 4239 792 4320 factus
825 4253 887 4321 est
918 4240 1109 4347 planctus
1143 4270 1316 4349 magnus
1359 4256 1400 4325 et
1437 4243 1573 4326 luctus
1615 4245 1663 4327 in

255 4364 475 4473 Hungaria.
520 4361 594 4443 Est
634 4380 774 4442 antem
817 4362 1005 4469 sepultus
1051 4363 1092 4443 in
1135 4364 1308 4473 Neapoli
1341 4366 1382 4447 in
1416 4366 1662 4450 Kathedrali

255 4489 431 4574 ecclesia
466 4485 584 4565 iuxta
616 4510 741 4566 auum
773 4513 894 4567 suum
909 4480 950 4591 ¹).

414 4603 511 4691 177.
546 4608 670 4715 (ato)
703 4606 787 4714 Ipsi
821 4622 960 4688 tamen
992 4608 1221 4716 proditores
1254 4624 1391 4694 reatus
1404 4610 1467 4694 sui
1483 4638 1658 4720 penam,

250 4785 458 4799 mu·-

411 4840 436 4950 ¹)
465 4851 527 4929 Est
555 4854 670 4927 autem
697 4894 745 4905 -
774 4873 876 4927 auum
904 4873 1013 4928 suum.
1044 4874 1108 4929 orn.
1141 4854 1180 4929 B.
