3660 5506
842 345 998 447 *aa*

217 587 326 668 pene
371 559 699 666 Longobardiam
746 558 993 666 spoliantes,
1036 588 1130 642 cum
1178 559 1361 642 maximo
1406 559 1537 668 spolio
1577 559 1620 641 in

216 681 470 764 Pannoniam
504 710 599 764 cum
634 681 803 762 victoria
834 682 1055 765 redierunt.
1086 683 1182 764 Post
1215 683 1291 763 hec
1323 684 1468 764 decem
1502 682 1621 765 annis

216 818 486 912 repausantes
512 829 621 886 anno
655 803 876 885 undecimo
900 803 1124 886 Saxoniam
1151 804 1387 910 Turingiam
1422 803 1620 888 Sueuiam

215 925 480 1034 Francosque
513 925 732 1007 orientales
764 926 805 1006 id
839 940 900 1008 est
933 927 1178 1032 Burgundos
1221 926 1405 1008 demoliti
1446 927 1487 1007 in
1522 953 1620 1008 con·

214 1047 312 1130 finio
324 1043 354 1157 ¹)
387 1048 562 1129 Bauarie
594 1047 702 1130 ultra
735 1061 915 1137 castrum
948 1049 1068 1131 Abah
1103 1043 1251 1156 circal)
1285 1048 1526 1131 Danubium
1547 1050 1619 1129 Al·

214 1165 476 1278 manoruml)
511 1171 633 1278 (raa)
668 1170 875 1253 exercitus
904 1171 1015 1279 ipsos
1057 1185 1247 1254 oneratos
1275 1171 1315 1251 in
1348 1165 1523 1278 reditu⁴)
1557 1171 1619 1252 in·

214 1306 413 1375 uaserunt
445 1321 499 1374 ex
542 1292 719 1401 abrupto
730 1287 774 1399 ⁵).
810 1291 922 1388 Quos
968 1293 1143 1399 hungari
1175 1294 1218 1374 in
1261 1296 1400 1399 fugam
1445 1293 1619 1401 turpiter

214 1428 522 1517 conuenerunt,
556 1415 661 1497 cesis
694 1415 834 1497 multis
879 1411 1121 1523 militibus⁶)
1155 1443 1208 1496 ex
1252 1415 1420 1498 eisdem.
1456 1415 1503 1497 In
1537 1441 1620 1522 quo

213 1537 383 1644 quidem
417 1537 610 1620 conflictu
636 1564 690 1617 ex
714 1536 909 1644 hungaris
943 1537 1019 1619 tria
1051 1538 1165 1619 milia
1183 1537 1364 1619 virorum
1398 1537 1619 1644 perierunt.

213 1657 294 1754 Qui
326 1686 424 1741 vero
464 1671 688 1742 euaserunt
720 1657 771 1740 ad
805 1661 971 1767 propria
1012 1661 1234 1742 redeuntes
1277 1659 1396 1742 annis
1438 1659 1619 1742 sedecim

211 1781 479 1864 immobiliter
506 1783 548 1863 in
580 1781 792 1886 Hungaria
824 1798 1152 1888 permanserunt.
1589 1806 1592 1811 ·

371 1937 440 2022 57.
473 1940 687 2046 Regnante
705 1967 803 2022 vero
830 1967 905 2048 per
923 1934 1200 2046 Almaniam⁷)
1228 1933 1458 2047 Conrado⁸)
1487 1940 1620 2047 primo

210 2058 597 2170 decimoseptimo⁹>
631 2089 740 2144 anno
774 2063 947 2168 hungari
985 2061 1137 2167 egressi
1170 2057 1331 2168 sunt¹⁰)
1366 2062 1618 2169 quibusdam

209 2183 400 2292 partibus
432 2184 634 2266 Teutonie
668 2185 905 2285 deuastatis‚
940 2211 1036 2266 cum
1079 2184 1225 2266 urbem
1260 2180 1492 2288 Augustam
1526 2211 1620 2292 per·

210 2307 437 2408 uenissent,
461 2303 663 2414 Vlrico¹¹)
686 2307 881 2416 episcopo
915 2306 1079 2388 ciuibus
1112 2319 1153 2387 et
1185 2304 1337 2387 Sueuie
1371 2306 1617 2412 primatibus

208 2429 510 2533 resistentibus,
539 2429 707 2512 tandem
742 2457 838 2511 curn
872 2429 1047 2535 hungari
1078 2427 1252 2509 eandem
1288 2428 1525 2510 obsiderent
1558 2430 1617 2510 ci·

208 2551 384 2633 uitatem
418 2552 626 2656 obstinati,
644 2552 834 2635 nolentes
857 2553 908 2633 de
942 2551 1045 2633 urbe
1067 2550 1272 2651 recedere,
1291 2550 1426 2632 missis
1459 2579 1620 2661 nuncys

210 2673 265 2754 ad
278 2671 536 2756 ..Conradum
577 2687 864 2777 memoratum,
897 2686 944 2757 ut
977 2673 1164 2755 celeriter
1202 2672 1372 2755 urbanis
1405 2700 1620 2756 succurre·

209 2807 285 2898 ret,
318 2795 430 2877 idem
463 2796 604 2878 venire
637 2823 721 2878 non
763 2796 942 2880 obmisit.
974 2794 1181 2901 Hungaris
1224 2794 1346 2900 igitur
1376 2821 1421 2876 se
1454 2796 1620 2878 incaute

210 2916 321 2999 circa
353 2918 638 3002 obsessionem
671 2919 849 3002 ciuitatis
871 2918 1165 3024 ingerentibus.
1187 2915 1433 2998 Almauicus
1466 2935 1508 2998 et
1538 2918 1618 2998 Ita·

209 3040 316 3122 licus
350 3040 559 3123 exercitus
592 3041 683 3123 illos
723 3041 875 3123 inuasit
908 3067 960 3119 ex
1006 3041 1275 3146 abrupta-ut
1306 3039 1338 3120 si
1371 3040 1514 3145 fugere
1546 3066 1618 3120 vo·

209 3161 398 3262 luissent,
432 3189 510 3244 nec
553 3163 797 3270 potuissent,
831 3189 884 3243 ex
928 3189 1012 3244 una
1053 3177 1168 3269 parte
1208 3160 1336 3243 fluuio
1379 3156 1513 3268 lili¹²)‚
1548 3162 1618 3269 qui

209 3283 291 3366 illis
333 3283 480 3367 diebus
523 3312 598 3392 per
639 3285 804 3367 canales
848 3284 1087 3366 mirabiliter
1127 3283 1403 3366 inundauerat
1445 3284 1618 3391 impedi·

210 3418 401 3487 mentum
432 3406 602 3508 faciens,
636 3409 688 3489 ab
733 3407 862 3488 altera
895 3433 991 3488 vero
1033 3407 1086 3488 ab
1131 3405 1383 3488 exercitibus
1425 3405 1618 3513 predictis

210 3528 624 3611 circumuallantibus
665 3529 772 3611 sicnt
811 3557 967 3630 murus,
1010 3528 1186 3635 illosque
1230 3528 1617 3633 constringentibus

209 3649 279 3732 Sic
312 3649 451 3758 itaque
483 3652 601 3731 artati
634 3653 687 3732 ab
720 3651 908 3734 hostibus
942 3650 1111 3758 quidam
1139 3649 1335 3756 captiuati
1369 3651 1422 3732 ab
1456 3651 1526 3753 eis,
1544 3651 1617 3731 ali·

210 3772 284 3880 qui
317 3771 537 3854 crudeliter
579 3787 676 3855 sunt
718 3773 863 3854 necati.
899 3771 946 3853 In
989 3798 1071 3880 quo
1115 3772 1204 3852 loco
1247 3771 1343 3852 Leel
1383 3787 1424 3852 et
1455 3771 1618 3855 Bulchu

208 3893 389 3976 illustres
422 3895 625 4002 capitanei
665 3895 861 4002 captiuati
906 3908 1015 3996 sunt,
1050 3909 1091 3974 ct
1122 3894 1235 3975 ducti
1279 3919 1418 3975 coram
1451 3891 1614 3976 Cesare.

208 4016 323 4112 Quos
365 4043 461 4098 cum
503 4015 630 4099 Cesar
673 4016 909 4125 requireret,
943 4043 1071 4124 quare
1114 4014 1344 4097 christianis
1387 4030 1527 4098 essent
1558 4016 1617 4099 sic

207 4137 410 4241 crudeles,
452 4139 615 4221 dicunt:
658 4138 743 4220 Nos
785 4165 930 4222 sumus
973 4138 1081 4221 ulcio
1123 4137 1277 4221 summi
1318 4137 1396 4241 dei,
1430 4139 1483 4220 ab
1526 4139 1616 4246 ipso

206 4260 326 4342 vobis
358 4260 400 4341 in
432 4260 642 4366 flagellum
675 4261 889 4362 destinati3
922 4275 1022 4343 tunc
1064 4260 1174 4342 enim
1217 4287 1292 4368 per
1322 4286 1396 4343 vos
1430 4260 1616 4369 captiua·

207 4449 417 4459 ...ι-*-

369 4539 394 4630 ¹)
423 4538 589 4613 confiniis.
616 4533 644 4631 ²)
673 4539 768 4612 citra.
796 4535 824 4631 ³)
853 4540 1096 4613 alemanorum.
1127 4542 1156 4629 ⁴)
1185 4537 1220 4610 in
1262 4537 1373 4611 rodit-u
1416 4539 1613 4612 honoratos,

206 4647 239 4734 5)
266 4644 422 4736 obrupto.
453 4644 522 4718 llP.
558 4645 714 4717 ahhrulo.
746 4643 783 4718 S.
812 4640 840 4735 ⁴⁵)
878 4643 1024 4717 milibus
1062 4643 1241 4716 militibus,
1272 4644 1312 4715 V.
1341 4637 1368 4733 7)
1397 4641 1613 4716 alemaniam.

203 4749 279 4822 ΥΡ.
308 4746 521 4822 alamaniam.
553 4747 591 4824 S,
623 4743 649 4825 ⁸)
673 4749 851 4822 (lorrardo.
870 4750 938 4822 VP.
971 4743 998 4829 ⁰)
1022 4749 1093 4821 dec.
1124 4752 1258 4822 octauo.
1276 4749 1346 4823 VP.
1368 4754 1402 4820 ot
1419 4748 1465 4823 V.
1491 4741 1531 4825 ¹⁰)
1546 4771 1614 4822 om.

208 4848 253 4935 ¹¹)
282 4851 411 4927 Vrrico.
441 4853 512 4927 VP.
542 4852 656 4929 Vrico.
687 4854 722 4929 S.
756 4848 795 4932 ¹²)
816 4852 957 4928 fluuiali.
985 4854 1055 4928 VP.
1085 4851 1189 4927 fluuio
1216 4851 1315 4949 Liby.
1349 4854 1388 4928 V.
