3592 5490
816 390 973 490 ,ἓξ-ο-

190 606 305 688 irruit
341 606 381 687 in
427 607 642 714 episeopus
684 632 732 687 ac
775 606 875 688 alies
916 607 1060 690 fideles
1104 607 1324 716 lapidibus.
1366 608 1602 691 Gerardum

189 744 328 811 autem
363 757 385 808 e
418 757 493 812 suo
527 756 648 810 curru
697 729 949 811 abstractum
998 745 1039 810 et
1086 730 1127 810 iu
1172 731 1267 836 biga
1310 732 1492 838 positum
1549 732 1603 812 de

189 869 329 932 monte
358 851 578 934 Kesenfeld
613 850 907 954 submiserunt,
941 867 983 932 et
1015 852 1160 933 lancea
1192 878 1435 960 percussum
1469 880 1606 962 super

189 973 369 1081 lapidem
404 973 687 1055 eontriuerunt
719 974 807 1055 eius
850 975 1082 1055 cerebrum.
1126 974 1172 1055 ln
1215 1001 1297 1080 quo
1339 974 1478 1082 lapide
1527 1003 1605 1082 per

188 1092 265 1177 Vll
297 1123 427 1178 annos
460 1096 704 1200 sanguinem
738 1092 957 1177 Danubius
990 1123 1197 1202 nusquam
1231 1096 1386 1177 diluere
1420 1110 1601 1204 poterat.

190 1217 345 1300 Ceteris
377 1232 515 1299 autem
550 1218 774 1299 interfectis
808 1219 963 1299 Beueta
994 1218 1191 1300 liberatus
1224 1219 1361 1299 extitit
1400 1220 1602 1302 manibus

191 1341 307 1421 ducis
340 1340 488 1421 Endre.
521 1340 662 1420 Zonulr
698 1366 837 1422 carries
871 1354 1090 1447 postquam
1126 1352 1308 1422 natasset
1338 1341 1380 1421 in
1398 1338 1601 1424 Danubio

190 1463 444 1545 liberatusa
487 1461 724 1564 lllurthinir,
768 1464 840 1543 sed
885 1462 1005 1543 minis
1050 1461 1274 1545 infidelium
1320 1462 1486 1544 territus
1531 1465 1603 1544 ille

191 1585 385 1666 liberator
417 1584 609 1665 comitem
645 1584 683 1663 in
719 1585 815 1666 naui
850 1584 1055 1667 interemit
1086 1584 1231 1689 gladio,

605 1861 674 1941 De
702 1865 849 1940 morte
875 1859 1004 1940 Patri
1029 1858 1168 1965 regia.

348 2075 417 2156 35.
451 2073 604 2183 Videas
638 2099 709 2152 rex
745 2072 885 2154 Petrus
920 2072 1125 2175 hungaros
1157 2068 1261 2175 fugit
1293 2099 1389 2152 eum
1423 2071 1512 2154 suis
1558 2074 1602 2153 in

191 2195 355 2298 lllusun,
388 2210 435 2276 ut
467 2196 506 2275 in
543 2196 748 2277 Austrinm
783 2196 952 2275 veniret.
993 2192 1072 2274 Sed
1116 2193 1293 2274 euadere
1328 2219 1408 2273 nnn
1445 2195 1598 2300 potuit.

191 2318 356 2398 Interim
401 2318 508 2397 enim
551 2318 722 2422 hungari
767 2319 903 2399 exitus
944 2316 1058 2420 regni
1100 2315 1367 2397 recluserunt.
1414 2316 1602 2420 Legatns

192 2467 287 2545 erge
330 2440 447 2522 duris
490 2440 624 2520 Eudre
666 2454 837 2521 reuocat
877 2440 1042 2519 Petrum
1091 2449 1286 2544 pretextu
1334 2438 1471 2543 pacis;
1524 2440 1602 2545 qui

192 2563 363 2644 credens
397 2562 432 2642 ei
466 2563 685 2643 reuertitur
717 2562 832 2668 quasi
868 2575 1030 2658 coacte,
1080 2575 1121 2639 et
1163 2586 1257 2639 cum
1304 2560 1453 2640 Albam
1497 2587 1599 2641 cum

191 2684 276 2766 suis
308 2685 507 2766 militibus
541 2710 709 2791 pergere
743 2685 879 2786 vellet,
912 2683 1071 2788 legatus
1105 2681 1287 2787 prefatus
1320 2708 1416 2762 eum
1441 2708 1600 2787 capere

191 2807 412 2888 constitnit.
445 2806 628 2886 Tandem
664 2807 748 2888 suis
783 2832 855 2913 per
886 2806 1052 2910 sagittas
1079 2802 1302 2911 interiectis
1324 2803 1411 2909 ipse
1431 2805 1603 2910 capitur

191 2943 232 3009 et
264 2930 506 3032 obcecatur,
539 2943 663 3034 atque
699 2929 846 3010 Albam
882 2926 1065 3027 ducitur,
1107 2939 1148 3005 et
1179 2924 1220 3006 in
1254 2924 1370 3005 breui
1405 2940 1602 3008 mortuus

192 3066 276 3152 est,
310 3052 499 3159 sepultus
532 3053 571 3132 in
607 3050 1007 3156 QuinqueecclesyS,
1042 3074 1167 3154 quam
1201 3048 1289 3161 ipsc
1321 3045 1466 3127 Petrus
1499 3049 1601 3129 fun-

190 3172 361 3255 dauerat
393 3175 431 3253 iu
473 3174 625 3254 honore
669 3172 707 3255 S.
752 3172 857 3275 Petri
900 3170 1072 3277 apostoli
1117 3195 1225 3248 annu
1269 3169 1380 3274 regni
1424 3170 1490 3250 sui
1532 3197 1602 3251 se·

192 3295 329 3375 cunda
360 3295 615 3375 vicete1·ci0.

447 3567 705 3653 coronatur
731 3565 946 3648 Andreas
972 3589 1056 3671 per
1081 3566 1332 3669 hungaros.

346 3782 413 3864 36.
464 3784 508 3864 ln
560 3783 667 3865 Alba
715 3810 808 3863 cum
861 3779 1047 3859 Andreas
1096 3780 1174 3859 iam
1226 3805 1249 3858 a
1298 3777 1601 3884 persecucinne

187 3930 359 3984 securus
393 3921 511 4007 essct,
545 3906 585 3985 in
619 3932 756 4009 regem
792 3918 1066 3983 coronatura
1099 3901 1230 3981 tribus
1264 3899 1600 4005 episcopisdun·

187 4038 321 4128 taxat,
354 4052 463 4108 anun
501 4027 656 4107 domini
700 4024 902 4106 lllXLVll.
945 4023 1022 4104 llic
1054 4051 1126 4104 rex
1164 4022 1349 4103 Andreas
1385 4021 1518 4101 edixit
1551 4040 1603 4105 ut

186 4147 406 4230 uniuersus
465 4151 643 4257 populus
699 4146 886 4254 deposita
940 4147 1018 4226 ritu
1064 4171 1316 4252 paganorum
1366 4142 1416 4222 ad
1466 4143 1599 4226 fidem

186 4268 336 4351 Christi
380 4285 420 4351 et
463 4274 595 4376 legem
642 4297 715 4377 per
756 4281 945 4351 sanctum
997 4267 1253 4374 Stephanum
1304 4264 1403 4372 ipsis
1451 4265 1597 4347 <latam

186 4405 502 4495 reuerterentur3
536 4393 729 4501 quoniam
766 4393 948 4471 Leuente
981 4392 1105 4477 frater
1131 4389 1296 4468 Andree
1333 4387 1410 4467 illis
1443 4385 1599 4470 diebus

186 4529 373 4596 mortuus
406 4529 489 4616 est3
523 4517 593 4622 qui
626 4515 658 4595 si
691 4515 865 4595 uixisset
906 4528 947 4594 et
989 4508 1449 4626 regrurmxobtinuisset
1492 4509 1598 4592 ritus

186 4662 440 4742 paganorum
478 4638 760 4719 increbuisset.

344 4757 413 4840 37.
446 4759 527 4840 lste
562 4786 633 4839 rex
668 4758 788 4839 albus
832 4754 1019 4837 Andreas
1063 4768 1104 4834 et
1146 4751 1371 4833 catholicus
1414 4763 1477 4834 est
1520 4779 1598 4832 rc·

186 4893 314 4983 catus,
350 4897 390 4962 et
421 4882 552 4962 tribus
585 4879 702 4962 anms
736 4879 909 4986 polonos
943 4877 1142 4959 bohemos
1176 4886 1217 4955 et
1250 4873 1449 4956 australes
1483 4873 1596 4954 hun·
