3660 5506
838 344 994 446 -1-83-

217 559 505 662 fortificatum,
555 573 596 639 et
638 560 829 664 gentibus
880 559 1047 641 armatis
1088 561 1294 641 munitum
1338 575 1442 663 erat,
1492 557 1630 642 nichil

215 682 434 789 proficiens
466 681 507 763 in
541 681 794 787 Huugariam
823 697 885 765 est
911 709 1114 784 reuersus
1138 683 1289 764 ibidem
1308 683 1466 764 Thomu
1488 683 1629 763 milite

214 817 466 885 remanente.
500 805 577 900 Qui
612 804 779 910 quidem
821 805 1000 886 Thomas
1035 805 1153 887 miles
1196 820 1237 884 et
1275 819 1418 910 gentes
1459 805 1628 887 domiui

212 926 317 1031 regis
351 925 483 1032 primo
516 939 611 1007 aute
646 941 805 1032 portam
847 927 1024 1008 riuitatis
1066 927 1298 1027 'Peruisiue,
1349 942 1390 1008 et
1431 929 1631 1008 secunda

213 1049 304 1128 viee
340 1048 379 1128 iu
423 1075 570 1155 eanrpo
614 1075 742 1154 prope
791 1051 964 1128 eaodem
1015 1076 1109 1129 eum
1159 1050 1351 1153 geutihus
1399 1049 1626 1154 armigeris

210 1185 453 1252 venetorum
488 1170 643 1251 bellum
680 1186 720 1250 et
757 1171 992 1251 eouthetum
1036 1171 1291 1272 habueruut,
1342 1173 1400 1251 eis
1440 1171 1631 1254 deuictis

212 1306 253 1372 et
285 1292 424 1373 multis
457 1292 685 1399 eapitiuatis.
722 1293 824 1372 Item
860 1293 985 1372 tercia
1017 1293 1106 1372 rire
1141 1294 1248 1373 eirea
1278 1292 1450 1374 fluuium
1488 1293 1630 1374 Breu-

211 1415 293 1517 tha,
327 1412 603 1520 nauigabilem
638 1429 779 1493 eontra
811 1415 1041 1495 teutonicos
1075 1429 1116 1494 et
1157 1414 1442 1522 stipendiarios
1485 1442 1628 1497 vene·

210 1552 363 1638 torum,
411 1551 689 1643 transpassato
736 1535 905 1616 humine
953 1563 1079 1643 super
1126 1562 1268 1642 equos,
1317 1565 1411 1618 eum
1463 1563 1630 1643 magno

210 1659 392 1765 periculo
437 1673 603 1766 propter
641 1657 822 1738 fluminis
858 1658 1196 1764 prohrmiitatem,
1236 1659 1286 1738 de
1322 1668 1441 1738 mane
1474 1661 1629 1741 subito

208 1782 431 1883 irruentes,
485 1782 650 1862 eosdem
700 1781 986 1887 stipendiarios
1028 1780 1293 1878 domuerunt,
1342 1795 1383 1861 et
1422 1782 1629 1887 captiuos

211 1902 489 1983 deduxerunt.
522 1902 634 1998 Quos
667 1903 897 1983 seeumhuu
927 1929 1081 1981 morem
1109 1903 1464 2008 stipendiariorum
1495 1907 1630 2010 equis

210 2040 251 2105 et
282 2025 406 2107 armis
439 2025 614 2130 receptis
648 2024 774 2104 libere
808 2024 919 2104 ahire
943 2025 1229 2130 permiserunt.
1264 2025 1308 2104 hr
1333 2050 1415 2130 quo
1442 2023 1629 2107 flumine

209 2146 362 2227 Paulus
395 2173 615 2252 germanus
646 2145 847 2226 dohanuis
880 2145 948 2253 fity
968 2145 1067 2225 Chel
1096 2145 1213 2226 miles
1241 2174 1335 2227 eum
1364 2146 1627 2252 quibusdam

209 2269 297 2376 alys
332 2268 525 2372 hungaris
558 2282 654 2349 suut
686 2268 902 2348 submersi.
947 2266 1038 2362 Quo
1081 2267 1247 2373 quidem
1288 2267 1448 2359 Thomu
1484 2269 1629 2351 milite

208 2417 283 2496 per
314 2418 451 2495 regem
487 2404 678 2470 reuocato
712 2405 752 2469 et
796 2390 1017 2469 Beuedieto
1057 2389 1140 2469 filio
1185 2389 1315 2469 Heem
1357 2390 1440 2470 illio
1480 2403 1627 2475 trans·

211 2512 347 2613 misso‚
382 2512 516 2592 eidem
550 2513 792 2616 subrogato,
835 2512 945 2591 idem
979 2511 1228 2593 Benedictus
1261 2512 1379 2593 miles
1412 2539 1625 2619 superue-

209 2633 327 2714 niens
361 2634 538 2741 plurima
572 2633 681 2714 bella
713 2649 854 2717 eontra
885 2648 1028 2738 gentes
1061 2648 1303 2715 venetorum
1339 2634 1624 2738 ‹tontiuuauit‚

209 2770 248 2834 et
282 2782 351 2838 eas
383 2756 607 2863 superauit.
641 2755 793 2836 Iterum
828 2772 965 2837 autem
1011 2755 1145 2836 dietus
1186 2755 1364 2837 Thomas
1409 2757 1507 2836 idue
1554 2778 1624 2840 est

211 2879 486 2978 transmissus,
522 2891 562 2958 et
596 2877 761 2957 viriliter
794 2892 834 2956 et
867 2890 1056 2983 potenter
1088 2893 1219 2957 eastra
1252 2893 1292 2957 et
1318 2893 1443 2959 terras
1468 2882 1620 2984 aequi·

209 3000 305 3081 sitas
338 3002 416 3082 suh
450 2999 631 3079 dominio
667 2998 769 3102 regis
803 3001 1066 3080 conseruauit
1098 3000 1272 3099 tamdiu,
1311 2999 1443 3079 doueo
1475 3027 1620 3108 erpu-

207 3139 331 3225 guata
364 3135 404 3200 et
436 3134 678 3228 recuperata
711 3120 876 3200 oiuitate
908 3120 1131 3220 dadriensi,
1173 3130 1254 3227 que
1291 3149 1362 3227 per
1393 3136 1617 3204 strenuum

210 3243 378 3323 militem
406 3243 634 3323 Elderhaeh
665 3242 832 3321 nomine
854 3242 1109 3322 teutonieum
1130 3271 1224 3322 eum
1243 3243 1435 3346 gentihus
1453 3244 1616 3326 domiui

209 3365 312 3468 regis
345 3365 523 3469 quadam
565 3379 686 3443 noete
728 3389 866 3443 uuuos
908 3364 1083 3444 oiuitatis
1125 3365 1409 3466 ascendendo,
1452 3380 1493 3445 et
1541 3395 1620 3472 per

209 3511 388 3591 pugnam
440 3485 665 3565 maximam
715 3512 809 3565 eum
860 3487 1050 3587 gentibus
1099 3502 1341 3566 venetorum
1401 3486 1617 3592 armigeris

209 3608 427 3687 teutouieis
460 3625 501 3686 et
533 3607 688 3711 galheis
722 3607 938 3687 durissime
962 3608 1238 3706 commissam,
1264 3609 1333 3687 uhi
1356 3598 1463 3687 idem
1492 3610 1616 3693 miles

208 3728 382 3809 letaliter
415 3729 551 3809 extitit
584 3729 844 3831 vulneratus,
894 3758 945 3808 ex
981 3756 1062 3835 quo
1101 3729 1271 3809 vulnere
1318 3730 1441 3810 vitam
1487 3730 1615 3838 (90a)

209 3850 340 3932 finiuit
393 3851 686 3958 temporalem,
736 3851 884 3930 romite
933 3866 1174 3931 venetorum
1210 3877 1283 3931 seu
1319 3853 1535 3958 capitaneo
1572 3855 1613 3935 iu

207 3972 351 4052 eadem
386 3973 628 4072 constituto,
678 4001 773 4052 oum
807 3973 891 4054 suis
924 3974 1116 4075 gentihus
1149 3972 1322 4054 deuictis
1362 3989 1402 4053 et
1444 3974 1614 4078 fugatis,

209 4108 330 4200 rapta
360 4095 438 4174 fuit
471 4109 511 4173 et
544 4108 793 4200 expugnata.
842 4093 893 4173 Fu:
925 4095 978 4175 ihi
1014 4096 1052 4175 iu
1088 4095 1273 4200 partibus
1317 4095 1532 4177 maritimis
1571 4098 1611 4179 iu

208 4214 423 4296 Dalmat-ia
455 4215 565 4320 regia
596 4230 778 4322 potestas
812 4215 947 4294 extitit
979 4215 1150 4313 firmata.
1189 4216 1316 4297 Cuius
1355 4217 1468 4321 regui
1507 4215 1612 4298 Dal·

206 4337 338 4417 maeie
373 4351 414 4417 et
446 4338 659 4417 eiuitatum
695 4337 818 4443 pleno
852 4336 1048 4439 regimine
1083 4352 1319 4438 eouseeuto,
1354 4365 1428 4418 rex
1464 4339 1615 4424 uolens

208 4458 378 4541 ulterius
411 4474 613 4565 occupata
645 4460 696 4538 de
728 4457 881 4539 tenutis
907 4472 1149 4538 venetorum
1179 4486 1441 4561 crumentum,
1476 4478 1616 4544 eastra

207 4595 247 4661 et
279 4596 444 4663 tenutas
477 4608 580 4686 (luas
613 4581 781 4661 tenebat
814 4577 911 4685 ipsis
944 4579 1142 4678 restituit,
1184 4596 1327 4685 gentes
1360 4608 1455 4663 suas
1490 4609 1614 4664 reuo-

206 4702 354 4803 eaudo,
398 4721 438 4782 et
471 4701 568 4807 ipsis
602 4701 640 4781 iu
676 4727 778 4809 paee
811 4698 1077 4800 dimittendo,
1119 4703 1197 4782 sub
1231 4718 1352 4809 paeto
1388 4705 1612 4788 iuramenti

208 4824 445 4930 perducem
466 4838 506 4903 et
523 4822 772 4904 ‹prisiliarios
801 4832 1041 4902 venetorum
1067 4823 1294 4906 submisso:
1330 4826 1440 4936 ‹luod
1476 4829 1613 4918 nemi-
1667 4846 1671 4858 '
