3592 5490
127 82 384 190 uersorraliter
416 109 509 162 cum
545 106 693 187 magno
728 82 913 161 exercitu
947 97 1195 189 etpotenta

119 204 297 288 Morauie
330 203 539 312 processit,
573 230 621 284 ac
655 204 789 309 ipsum
824 203 1111 310 imperatorem
1148 233 1219 313 per
1251 232 1346 286 suas
1380 222 1516 286 luera„

115 328 340 429 diffidauit,
375 341 415 408 et
447 325 646 433 oppidum
680 324 962 406 'l'rinclrinium
998 327 1186 428 intrauit,
1220 344 1261 407 et
1308 328 1517 409 exercitus

118 450 446 556 circumquaque
488 449 528 528 iu
572 447 728 555 campis
770 461 811 527 et
843 449 969 554 pratis
1002 449 1164 555 resedit.
1203 449 1372 530 Interim
1408 477 1517 551 vero,

115 565 248 654 donec
281 598 375 652 cum
410 597 484 652 suo
519 571 703 650 exercitu
737 596 780 650 se
814 588 1001 651 moueret
1034 569 1260 653 Morauiam
1283 572 1517 675 inuasurus,

115 694 201 776 dux
235 691 522 774 Sindrucensis
556 720 650 773 cum
694 691 815 774 certis
856 692 943 800 alys
985 694 1209 791 baronibus
1244 707 1284 773 et
1316 693 1518 803 militibus

115 844 168 896 ex
201 829 316 923 parte
349 815 605 922 imperatoris
638 815 691 895 ad
722 814 981 896 tractandum
1025 815 1075 895 de
1118 842 1221 922 pace
1255 815 1294 896 in
1329 815 1516 896 Trinchi·

114 938 230 1020 nium
280 950 622 1045 superuenerunt.
670 935 831 1041 'l'reuga
879 936 1039 1018 firmata
1086 938 1137 1017 ad
1180 938 1515 1019 concludendum

114 1062 165 1141 de
208 1087 311 1168 pace
354 1059 547 1141 Nicolaus
590 1057 729 1138 Konth
776 1057 1006 1165 palatinus,
1054 1057 1288 1166 Stephanus
1335 1059 1516 1145 Bewbek

114 1183 242 1264 iudex
276 1182 388 1264 curie
422 1210 516 1263 cum
551 1181 671 1262 certis
703 1180 902 1262 militibus
935 1181 975 1260 in
1009 1181 1220 1263 Brunuam
1253 1180 1304 1262 ad
1337 1183 1515 1290 impera·
1608 1242 1612 1255 .

114 1318 265 1408 torem,
313 1305 385 1386 ubi
420 1331 514 1386 cum
549 1329 698 1408 magno
733 1301 937 1406 exercitu,
987 1316 1028 1383 et
1061 1304 1200 1386 multis
1233 1303 1434 1386 militibus
1472 1331 1515 1386 se
1595 1345 1612 1392 ε

114 1427 354 1534 collegerat,
397 1440 494 1509 sunt
525 1424 762 1508 transmissi.
799 1424 850 1505 Et
881 1425 1044 1505 interim
1077 1426 1263 1507 exercitu
1295 1426 1402 1532 regis
1434 1426 1514 1509 dis·
1588 1479 1612 1495 -

114 1576 249 1658 perso
282 1549 370 1632 siue
404 1548 668 1630 conclusione
701 1547 814 1655 pacis
847 1560 1121 1629 reuertuntur.

461 1805 546 1908 (De
575 1806 780 1885 exercitu
808 1804 855 1884 in
882 1804 1169 1901 Meuaniam.)
1255 1910 1261 1917 ⁶

271 2021 370 2103 204.
391 2020 536 2103 Postea
554 2019 685 2100 eciam
704 2019 917 2100 dominum
941 2018 1176 2100 Ladizlaum
1196 2020 1345 2101 ducem
1364 2017 1512 2127 Opulie

114 2158 155 2224 et
194 2143 357 2225 Petrum
403 2144 561 2224 barrum
604 2170 699 2224 cum
742 2158 864 2247 gente
906 2142 1003 2223 satis
1047 2143 1181 2223 valida
1212 2141 1253 2222 in
1288 2141 1511 2223 Morauiam

113 2265 346 2348 destinauit.
395 2263 476 2360 Qui
511 2265 702 2345 incendia
745 2281 785 2345 et
819 2264 1001 2344 maxima
1033 2266 1184 2345 tlouma
1216 2264 1368 2347 ibidem
1405 2263 1513 2346 intu-

112 2388 256 2490 lerant,
290 2405 331 2470 et
363 2386 414 2469 ad
446 2387 610 2496 propria
643 2399 918 2468 reuertuntur.

470 2661 554 2757 (De
582 2624 860 2743 exercituin
887 2661 1153 2756 Poloniam.)

218 2975 224 2988 ⁹
268 2878 368 2958 205.
408 2876 513 2959 Item
556 2877 806 2985 procedente
854 2890 1039 2982 ternpore
1089 2889 1249 2957 mortuo
1298 2875 1515 2956 Kazimero

110 3025 206 3104 rege
238 2999 405 3080 Polonie
438 3000 647 3083 auunculo
682 3026 779 3099 sno,
829 3027 924 3080 cum
967 2999 1121 3104 ingenti
1164 2999 1351 3080 exercitu
1395 2998 1515 3079 Polo-

110 3121 220 3202 niam
254 3122 432 3225 intrauit,
466 3122 538 3204 ubi
570 3123 611 3203 in
645 3149 783 3227 regem
816 3149 870 3201 ex
903 3121 991 3202 iure
1023 3122 1296 3204 successionis
1325 3120 1515 3203 eiusdem

109 3243 308 3326 auunculi
340 3245 405 3326 sui
437 3245 573 3325 extitit
604 3245 777 3326 feliciter
809 3261 1043 3326 coronatus.

330 3518 413 3615 (De
442 3521 648 3601 exercitu
675 3520 737 3602 ad
763 3526 921 3625 partes
948 3518 1290 3622 transalpinas.)

267 3734 367 3815 206.
400 3735 505 3815 ltem
538 3737 625 3842 ipse
658 3764 732 3817 rex
765 3734 1035 3843 personaliter
1068 3760 1141 3839 per
1157 3732 1389 3836 Bulgariam
1420 3758 1495 3838 par

111 3870 172 3938 tes
204 3857 475 3964 transalpinas
508 3886 622 3939 sacre
655 3885 804 3939 corone
838 3857 1044 3938 subiectas
1078 3855 1302 3953 amadeus,
1347 3881 1401 3933 ex
1435 3854 1487 3934 ali

109 3997 225 4087 parte
259 3980 365 4062 ultra
398 3995 548 4061 terram
580 3982 804 4063 siculorum
839 4007 933 4060 cum
967 3978 1103 4059 valitlo
1138 3977 1325 4057 exercitu
1357 4002 1407 4056 ac
1439 4004 1467 4055 n

111 4102 263 4184 bilibus
297 4120 338 4184 et
369 4102 507 4184 siculis
541 4105 666 4209 partis
699 4103 1003 4185 'llanssiluanie
1037 4099 1260 4181 transmisit
1295 4097 1463 4179 Nicolar

110 4224 474 4332 voy(92b)uodarn
493 4227 887 4309 transsiluaneusem
906 4254 1000 4306 cum
1027 4224 1193 4305 Simone
1215 4223 1296 4301 filio
1314 4220 1445 4302 lllauri

112 4359 154 4428 et
184 4348 272 4456 alys
304 4375 357 4429 ex
390 4348 617 4454 potioribus
651 4351 848 4433 militibus
881 4350 966 4432 suis
999 4349 1048 4430 ad
1074 4346 1355 4457 inuadendum
1375 4371 1441 4455 par
