3592 5490
166 595 277 703 quod
320 594 484 677 Petrum
528 595 757 702 expulerat.
802 594 927 677 Cesar
965 593 1178 700 respondit
1219 582 1452 675 firmando(
1475 593 1569 676 Aba

165 730 412 823 congregato
446 718 633 798 exercitu
666 718 818 798 inuasit
851 717 1057 799 hustriam
1094 731 1135 797 et
1167 715 1396 819 Bauariam,
1440 730 1567 798 etex

164 852 341 946 utraque
367 854 481 947 parte
502 839 680 920 Danubii
716 840 915 946 bipartitis
948 839 1022 920 alis
1058 852 1332 945 pugnatorum
1365 839 1569 945 percussit

165 987 235 1043 eos
270 962 309 1042 in
352 988 421 1041 ore
463 962 604 1069 glady,
648 962 826 1068 tulitque
861 961 1038 1068 plurima
1070 961 1201 1067 spolia
1233 976 1275 1041 et
1306 960 1493 1067 captiuos
1526 974 1568 1042 et

164 1083 205 1164 iu
237 1083 413 1164 Tulnam
448 1084 649 1190 peruenit.
682 1083 844 1163 Exhinc
877 1083 1066 1189 sequenti
1100 1083 1166 1162 die
1200 1109 1295 1164 cum
1329 1083 1565 1164 innumera·

163 1206 234 1286 bili
269 1205 532 1286 multitudine
566 1206 823 1312 captiuormn
857 1206 897 1285 in
932 1204 1184 1309 Hungariam
1219 1204 1447 1286 reuertitur.
1470 1204 1567 1288 Post

165 1328 241 1407 hoe
275 1328 386 1409 misit
419 1328 636 1409 ljiellatores
672 1328 709 1407 in
755 1328 1027 1428 Cariuthiam,
1077 1327 1148 1433 qui
1198 1327 1336 1433 plures
1384 1328 1492 1408 nacti
1541 1354 1567 1410 a

164 1450 360 1530 Gudhido
395 1450 630 1529 marchione
650 1449 815 1529 humile
851 1478 976 1557 prope
996 1448 1206 1530 l'etouiam
1239 1463 1337 1530 suut
1368 1452 1561 1556 superati.

164 1572 289 1652 Cesar
320 1585 458 1653 autem
479 1572 648 1652 Colrmie
682 1600 776 1653 eum
813 1572 1066 1679 principibus
1100 1571 1337 1653 curnilionis
1356 1572 1564 1677 quomodo

163 1693 387 1774 vindictam
423 1693 474 1773 de
514 1694 706 1797 hungaris
748 1709 995 1801 accepturus
1040 1707 1169 1795 esset,
1223 1693 1561 1796 concludebatur,

162 1813 356 1896 Cesarem
390 1816 597 1920 lumgaros
632 1816 827 1897 inuadere
860 1831 1062 1923 oportere.

319 1938 388 2020 32.
426 1940 547 2017 Amm
581 1939 769 2045 sequenti
791 1939 883 2019 aba
900 1967 971 2019 rex
994 1937 1126 2020 missis
1150 1936 1293 2043 legatis
1310 1937 1360 2017 ad
1380 1964 1564 2051 cesarem

161 2087 242 2167 que
279 2061 390 2167 pacis
423 2075 520 2140 sunt
553 2062 763 2166 querebat,
800 2060 1042 2167 promittens
1075 2059 1334 2166 captiuorum
1361 2059 1563 2142 dimissio·

160 2208 254 2261 nem
291 2209 395 2287 quos
430 2182 624 2283 habebat,
670 2212 811 2263 eorum
846 2198 986 2263 autem
1020 2210 1124 2289 (pros
1166 2181 1335 2262 reddere
1374 2208 1455 2262 non
1489 2207 1563 2289 pc·

160 2304 241 2384 tuit
274 2304 520 2409 coudiguam
565 2305 968 2411 eompensaeionem.
1018 2304 1143 2385 Cesar
1184 2330 1280 2384 vcro
1322 2304 1453 2385 voluit
1492 2330 1563 2388 eos

159 2426 347 2508 accersiri
381 2427 451 2532 qui
486 2426 525 2506 iu
551 2426 724 2507 Bararia
757 2427 830 2507 lesi
863 2428 1036 2508 luerent.
1072 2426 1168 2507 Post
1200 2425 1278 2506 hoe
1311 2452 1427 2508 cesar
1450 2426 1564 2507 venit

158 2548 209 2627 ad
242 2548 443 2629 terminos
475 2547 708 2653 Huugarie,
755 2549 794 2628 in
828 2549 1051 2632 erastinum
1087 2574 1328 2655 expugnare
1361 2548 1564 2655 disposuit

158 2670 421 2777 (obstacula).
458 2669 536 2751 Sed
573 2669 813 2752 nmneribus
846 2671 1031 2771 allectus,
1066 2683 1107 2751 et
1128 2696 1300 2778 proprus
1322 2670 1562 2777 prepeditus

157 2817 338 2899 negoeys
372 2793 489 2899 redyt
515 2792 751 2873 Bisancium
787 2792 825 2872 in
865 2793 1115 2898 lhugumlia.
1159 2792 1322 2873 Exhinc
1363 2790 1457 2873 Aba
1498 2820 1562 2874 se·

158 2913 246 2994 uire
279 2914 389 3021 cepit
421 2915 459 2994 in
496 2914 715 3019 hungaros,
749 2929 790 2994 et
821 2915 1106 2995 iusiurandum
1126 2915 1300 2995 violasse
1326 2941 1399 3021 pro
1432 2940 1561 3021 paruo

159 3036 354 3142 putabat,
388 3037 636 3143 contempsit
667 3037 842 3139 nobiles,
877 3050 918 3117 et
950 3065 1044 3117 cmn
1080 3036 1239 3118 rusticis
1272 3036 1416 3117 habuit
1448 3062 1561 3116 com·

158 3184 298 3237 mune.
330 3157 499 3239 Nobiles
533 3159 819 3265 conspirarunt
853 3175 897 3239 ut
930 3160 1063 3265 ipsum
1099 3159 1353 3259 occiderent3
1391 3159 1560 3265 quidam

155 3292 295 3360 autem
345 3280 573 3361 notificauit
614 3280 710 3385 regi.
759 3280 845 3360 Rex
896 3280 993 3361 fecit
1041 3280 1212 3361 interfici
1261 3307 1364 3387 quos
1412 3306 1561 3386 capere

155 3401 291 3508 potuit
323 3402 411 3482 siue
449 3403 585 3510 iudicy
635 3402 840 3484 examine.
892 3402 997 3482 Nam
1045 3403 1076 3483 L
1123 3402 1232 3485 viros
1278 3402 1439 3485 nobiles
1481 3403 1561 3485 sub

154 3537 349 3629 pretextu
383 3524 539 3632 eonsily
572 3524 612 3604 in
647 3526 825 3631 quadam
870 3526 992 3605 domo
1035 3524 1255 3628 conclusit,
1297 3536 1339 3607 et
1380 3525 1560 3605 truncari

153 3644 264 3725 fecit.
315 3644 597 3727 Coniurabant
629 3661 766 3727 autem
802 3662 944 3727 contra
976 3674 1073 3728 eum
1117 3646 1261 3749 multi,
1311 3674 1363 3727 ex
1407 3646 1560 3753 quibus

155 3766 325 3873 quidam
360 3794 543 3849 cesarem
564 3769 720 3850 adeunt
738 3770 922 3849 dieentes
945 3768 1050 3849 vicia
1071 3770 1159 3850 hbe
1173 3764 1215 3874 ¹,)
1240 3769 1559 3874 instigauerunt·

154 3915 240 3996 quc
273 3887 488 3993 Cesarem,
521 3905 568 3971 ut
599 3918 724 3997 snper
756 3891 890 3972 hbam
926 3915 1063 3995 regem
1097 3890 1287 3973 iniuriam
1320 3891 1559 3993 vindicaret,

153 4010 226 4117 qui
259 4010 388 4092 eciam
424 4013 610 4094 nondum
643 4014 792 4095 cesaris
815 4013 1001 4120 captiuos
1019 4012 1241 4116 dimiserat,
1257 4027 1381 4121 prout
1396 4013 1560 4097 iurauit

153 4130 280 4213 Cesar
311 4148 557 4239 congregato
591 4135 777 4216 exercitu
809 4136 889 4216 sub
922 4134 1191 4216 simulacione
1210 4135 1403 4242 quadam,
1437 4150 1560 4244 pacta

153 4272 195 4336 et
227 4254 430 4360 proluissa
462 4256 568 4360 regis
601 4257 849 4363 postulando
882 4257 922 4336 in
958 4256 1181 4338 marchiam
1225 4258 1390 4339 Austrie
1434 4259 1559 4361 venit,

153 4402 411 4458 reuersurus,
444 4376 591 4484 Nuncy
626 4392 766 4459 autem
800 4378 893 4460 hbe
925 4379 1100 4459 veniunt
1131 4379 1181 4459 ad
1217 4406 1399 4462 cesarem
1434 4407 1558 4463 exac-

150 4498 308 4579 tionem
341 4500 637 4605 promissorum
673 4501 967 4607 preueniendo,
1001 4500 1207 4606 hungaros
1234 4502 1452 4607 quosdam.
1487 4504 1558 4612 qui

150 4620 202 4702 ad
241 4646 426 4701 cesarem
462 4624 735 4726 eorrlbgerant
755 4624 846 4703 Abe
879 4621 1035 4704 restitui
1069 4623 1298 4730 pecierunt.
1329 4622 1410 4705 Sed
1443 4652 1559 4707 eesar
