3592 5490
885 341 927 412 79

203 556 314 669 Exyt
344 575 485 643 autem
528 560 709 643 edietum
744 591 768 642 a
801 591 894 667 rege
928 578 969 642 ot
1001 562 1120 663 duce,
1155 576 1200 644 ut
1233 561 1453 643 uniuersus
1487 589 1606 641 exer-

203 683 309 765 citus
344 685 622 788 hungarorum
656 701 811 791 quanto
851 680 1019 790 oioitrs¹)
1053 680 1233 791 possot²)
1267 681 1498 790 transiret³)
1530 682 1607 764 llu-

205 805 320 887 uium
352 807 464 886 Zaua
507 807 548 886 in
591 807 837 911 Bulgariam.
872 807 993 887 (troci
1036 822 1177 887 autem
1211 822 1251 886 et
1286 806 1448 909 ssulgari
1490 805 1607 885 naui-

203 942 348 1032 gantes
381 929 421 1008 in
457 928 675 1009 oelonibus
708 930 793 1010 suis
827 958 901 1035 per
935 929 1098 1032 ingenia
1126 928 1348 1009 suillabunt
1376 927 1490 1032 ignes
1523 927 1607 1007 sul·

203 1051 341 1131 furens
374 1050 416 1130 in
448 1077 578 1132 naues
612 1050 902 1154 hungarorum,
933 1066 974 1130 ot
1005 1078 1074 1130 eas
1107 1051 1148 1129 iu
1183 1051 1280 1157 ipsis
1312 1050 1431 1155 aquis
1466 1050 1607 1128 ineen-

203 1172 370 1253 debaut.
404 1170 512 1252 Victi
544 1187 643 1253 suut
674 1187 812 1253 autem
850 1173 1045 1276 igniuomi
1080 1173 1187 1276 greoi
1222 1173 1274 1252 ab
1310 1171 1502 1276 lmngaris
1536 1198 1607 1276 pre

206 1293 471 1374 multitudine
506 1295 676 1376 nauium
705 1296 856 1400 quibus
881 1295 1037 1375 tlmnen
1061 1313 1320 1400 operuerant.
1338 1293 1608 1397 Fugientibus

205 1429 345 1496 autem
379 1415 510 1520 grecis
542 1444 591 1496 ao
623 1416 804 1521 bulgaris
839 1417 1087 1497 transierunt
1120 1417 1304 1521 hungari,
1337 1429 1378 1495 et
1409 1414 1606 1495 terminos

206 1537 470 1641 bulgarorum
521 1555 845 1644 occupauerunt.
889 1539 977 1618 ltux
1022 1553 1162 1620 autem
1207 1557 1248 1618 et
1294 1539 1379 1618 dux
1423 1536 1607 1618 secunda

204 1660 306 1739 feria
338 1660 589 1740 transierunt
620 1659 786 1762 Zauam,
806 1677 847 1741 et
880 1689 1000 1740 mano
1033 1661 1142 1741 tuoto
1170 1661 1465 1741 ordinauoruut
1496 1659 1606 1738 aries

205 1808 314 1880 suas
349 1793 390 1861 et
431 1781 563 1886 plenis
607 1782 828 1889 manipulis
874 1784 1160 1863 uniuersaliter
1201 1810 1276 1890 por
1312 1798 1467 1861 tunnas
1510 1806 1606 1860 suas

206 1903 367 1984 insertis
401 1904 655 1984 umbonibus
688 1906 940 1986 obsederunt
984 1906 1206 1986 ciuitatem.
1240 1905 1361 1984 Greci
1394 1903 1532 2007 itaque
1566 1916 1607 1980 et

206 2024 366 2128 bulgari
408 2025 602 2107 timentes
646 2054 697 2106 ex
740 2027 953 2107 obsidione
994 2028 1225 2133 perieulum
1270 2026 1347 2108 sibi
1390 2024 1606 2103 imminere

205 2165 455 2251 rogauerunt
496 2148 692 2230 bessenos
733 2177 806 2255 per
846 2150 1122 2230 olmdostinos
1163 2149 1349 2248 nuncios,
1393 2147 1519 2253 (arb)
1562 2162 1608 2225 ut

204 2267 293 2349 sine
327 2295 480 2375 pauore
518 2271 704 2350 venirent
735 2273 775 2350 iu
809 2272 1041 2352 adutorium
1078 2272 1274 2376 ipsorum,
1302 2296 1350 2349 eo
1384 2269 1496 2375 quod
1528 2295 1606 2347 neo

204 2418 280 2470 rex
312 2418 389 2471 neo
424 2391 510 2471 dux
545 2392 754 2473 ciuitatem
791 2421 933 2473 eorum
967 2394 1207 2492 obsedisset,
1236 2393 1307 2473 sod
1342 2406 1503 2471 tantum
1537 2416 1605 2469 oo·

204 2540 295 2594 mes
316 2507 444 2620 Vydl)
479 2542 574 2594 oum
611 2515 902 2596 baolriensilms
925 2517 1123 2595 militibus
1147 2543 1216 2595 eos
1241 2514 1470 2594 irruasisset.
1490 2513 1606 2593 Bessi

204 2650 344 2716 autem
377 2636 711 2717 fraudulentibus
734 2638 869 2718 verbis
903 2664 1044 2718 eorum
1079 2637 1239 2718 soduoti
1271 2635 1513 2716 festinanter
1535 2661 1605 2714 ve·

203 2769 358 2837 nerunt
389 2757 429 2837 in
463 2758 711 2839 adiutorium
740 2760 938 2865 ips0rum3
966 2777 1005 2839 et
1039 2760 1263 2864 eupiditate
1299 2758 1423 2862 prede
1457 2757 1605 2858 allecti,

204 2879 401 2986 quamde
434 2881 584 2960 comite
603 2880 694 2988 Vyd
728 2883 951 2987 sperabant
982 2909 1027 2962 se
1051 2883 1219 2980 {mmm
1254 2880 1471 2986 precipites
1504 2878 1606 2957 irru-

203 3015 328 3082 erunt
353 3028 478 3108 super
516 3004 681 3107 agmina
717 3001 1110 3109 Soprorriorrsiurrr³')‚
1146 3031 1322 3108 quorum
1355 3017 1489 3080 rector
1522 3016 1609 3079 erat

202 3150 345 3204 eomes
376 3122 455 3203 dan
492 3125 671 3204 nomine.
707 3125 785 3204 llio
822 3141 961 3204 autem
998 3126 1172 3206 insultus
1207 3126 1475 3206 besseuorum
1512 3122 1607 3201 viri-

202 3246 298 3325 liter
340 3260 382 3324 et
422 3247 580 3326 fortiter
623 3275 717 3326 rum
762 3249 1099 3353 supruniensilms
1142 3247 1375 3353 superauit,
1419 3245 1605 3352 pluribus

203 3393 349 3447 eorum
384 3367 537 3448 ibidem
573 3369 614 3446 in
646 3397 715 3447 oro
753 3370 873 3476 glady
906 3371 1129 3474 prostratis,
1166 3369 1338 3450 residuis
1371 3383 1511 3446 autem
1547 3367 1606 3471 ip·

202 3486 389 3595 soruml)
411 3490 452 3568 in
471 3491 753 3596 captiuitatem
773 3492 967 3576 subactis.
990 3492 1184 3598 l’rinoops
1203 3518 1300 3571 vero
1337 3491 1603 3570 bossenorum

202 3611 373 3690 nomine
406 3611 537 3690 Kazar
569 3640 663 3691 eum
699 3613 957 3718 paucissimis
990 3614 1185 3718 fugiendo
1220 3640 1368 3693 mamus
1403 3611 1605 3714 hungaro-

204 3759 343 3813 rorum
377 3733 448 3812 vix
492 3734 636 3814 euasit.
669 3733 756 3813 Rex
799 3752 938 3814 autom
982 3753 1023 3814 et
1062 3737 1150 3816 dux
1192 3735 1326 3814 eidem
1370 3733 1488 3813 militi
1527 3731 1607 3811 dan

206 3881 379 3936 munera
413 3855 564 3959 regalia
597 3856 905 3963 condignasque
939 3874 1072 3961 grates
1100 3858 1208 3962 regia
1234 3857 1475 3938 liberalitate
1510 3880 1607 3933 eou-

206 3977 401 4079 tulerunt,
420 4003 469 4057 eo
497 3978 608 4083 quod
640 3978 729 4084 ipse
763 3979 891 4059 multu
927 3979 1054 4059 millia
1088 3982 1355 4061 bossenorum
1391 3993 1606 4082 tamquam

207 4099 309 4206 lapis
352 4099 665 4206 limpidissimus
698 4129 797 4182 vasa
839 4102 979 4182 fictilia
1022 4102 1292 4203 oontriuisset‚
1326 4101 1441 4207 prius
1481 4126 1609 4205 quam

206 4249 279 4301 rex
314 4235 354 4300 et
387 4222 474 4301 dux
509 4250 604 4302 oum
639 4225 827 4304 oxeroitu
859 4251 933 4304 suo
967 4224 1018 4304 de
1052 4224 1279 4329 gentaoulis
1303 4223 1439 4329 capita
1471 4223 1607 4302 leuas·

205 4362 308 4425 sent.
332 4342 430 4447 Regi
463 4361 603 4424 autem
638 4363 679 4425 et
711 4347 888 4427 duoibus
922 4347 1058 4453 Goysa
1091 4363 1131 4426 et
1163 4346 1350 4427 Ladislao
1383 4373 1507 4451 super
1540 4373 1607 4424 ru-

197 4492 302 4571 pem
337 4493 418 4571 que
453 4466 588 4545 eidem
622 4468 778 4548 ciuitati
800 4469 990 4573 proxima
1015 4487 1077 4549 est
1094 4468 1381 4569 residentibus,
1405 4478 1606 4573 oeperunt

368 4739 392 4829 ¹)
422 4735 632 4834 quantotius.
666 4742 739 4816 Vl‘.
776 4745 817 4816 ll.
855 4742 879 4817 'r
913 4770 977 4818 om.
1015 4741 1041 4824 ³)
1073 4746 1271 4816 transirent.
1314 4749 1350 4818 ὃ.
1382 4741 1408 4832 ⁴)
1436 4743 1540 4838 vom.
1570 4743 1604 4815 S.

185 4835 234 4936 ὃ)
258 4846 544 4940 suprunieusium.
575 4848 647 4924 Vl’.
677 4850 965 4941 supruniensium.
995 4857 1029 4922 S.
1063 4852 1087 4924 ι’)
1113 4873 1242 4923 eorum.
