3660 5506
827 164 984 267 Q

205 386 305 496 pulo
339 384 617 484 celebrabant,
643 393 685 463 et
716 391 975 464 sacramenta
1007 378 1286 464 ecclesiastica
1318 380 1615 466 ministrabant

205 508 373 618 publice
411 508 451 588 in
493 505 733 588 interdictis.
766 504 941 612 Insuper
983 502 1138 583 malum
1184 505 1292 585 malo
1335 505 1614 612 perniciosius

207 633 480 732 cumulantes,
500 639 728 710 conuocato
746 627 914 734 populo,
933 624 1118 706 accensis
1152 626 1329 709 lucernis
1361 654 1615 735 sunrpmum

207 753 445 864 pontificem
495 751 643 833 Christi
685 749 883 831 vicarium
933 746 1264 856 archiepiscopos
1307 762 1349 829 et
1389 751 1616 860 episcopos

206 878 424 960 uniuersos
456 874 570 980 regni
611 872 832 977 Hungarie,
867 897 914 951 ac
947 869 1055 951 viros
1087 869 1298 975 religiosos
1331 875 1618 954 communiter

207 997 592 1082 excommunicatos
625 995 717 1076 altis
751 993 923 1074 vocibus
964 993 1296 1100 promulgabant.
1330 991 1419 1074 Hoc
1450 996 1617 1078 factum

208 1122 342 1206 estin
376 1133 509 1202 castro
551 1117 735 1199 Budensi
748 1111 775 1221 ¹)
819 1114 1000 1222 quodam
1045 1113 1154 1194 dicto
1195 1111 1513 1224 Petermanno²)
1550 1146 1618 1200 re-

206 1258 328 1350 gente
361 1242 600 1324 Budensem
633 1232 886 1344 ciuitatem³)
908 1263 1034 1343 quem
1068 1262 1141 1342 pro
1175 1236 1363 1318 ladislao
1397 1240 1618 1346 captiuato

205 1368 435 1475 prefecerat
466 1362 733 1445 Vencezlaus.

208 1637 460 1738 (Quomodo
480 1632 587 1717 otto
603 1634 697 1714 dux
714 1633 915 1714 Bouario
929 1634 978 1714 in
990 1655 1188 1736 regnum
1206 1639 1368 1714 contro
1381 1634 1619 1718 Kurolum

322 1758 567 1857 inducitur,
588 1760 836 1836 coronatur
854 1757 1120 1860 captiuutur
1139 1757 1397 1860 expellitur.
1415 1757 1503 1857 Rs)

368 1990 467 2071 135.
499 1987 713 2082 Interdum
746 2012 843 2066 vero
875 1984 1129 2094 filychrici
1163 2001 1204 2068 et
1236 1986 1405 2094 quidam
1438 1988 1505 2096 aly
1536 2015 1616 2071 no-

209 2112 312 2194 biles
346 2110 541 2193 Ottonem
575 2110 726 2192 ducem
766 2108 939 2189 Bauarie
979 2108 1328 2192 subintroducunt
1360 2110 1402 2191 in
1433 2137 1614 2216 regnum

208 2234 431 2339 Hungarie.
465 2233 546 2328 Qui
577 2233 749 2314 veniens
783 2245 824 2311 et
856 2257 1049 2311 coronam
1082 2231 1197 2336 regni
1228 2231 1502 2314 allencezlao
1538 2235 1617 2316 ab·

210 2357 337 2437 latam
370 2357 490 2463 (aaa)
523 2356 673 2463 petiuit
715 2353 793 2437 sibi
825 2353 923 2456 dari,
957 2380 1006 2434 ac
1038 2380 1180 2434 secmn
1225 2355 1361 2436 ferens
1394 2380 1502 2436 anno
1537 2356 1615 2437 do·

210 2479 312 2559 mini
343 2478 563 2560 millesimo
597 2476 874 2558 tricentesimo
919 2476 1063 2583 quinto
1096 2475 1250 2558 Albam
1291 2477 1472 2583 regalem
1505 2478 1613 2559 ciui·

209 2614 337 2683 tatem
370 2601 519 2709 petiuit
549 2614 596 2682 ut
628 2601 685 2681 ibi
717 2613 981 2681 coronaretur
1012 2598 1193 2703 legitime
1227 2600 1267 2680 in
1301 2626 1452 2705 regern.
1471 2597 1612 2694 Quem

209 2724 459 2806 Benedictus
502 2724 722 2830 episcopus
756 2721 1084 2828 Vesprimiensis,
1119 2736 1160 2801 et
1199 2721 1339 2803 Frater
1375 2720 1612 2805 Anthonius

210 2847 446 2955 episcopus=
464 2845 760 2927 Chanadiensis
771 2839 801 2949 ⁵)
828 2844 870 2924 in
901 2870 1040 2950 regem
1073 2857 1296 2946 unxerunt,
1323 2856 1365 2925 et
1396 2844 1506 2925 dicta
1538 2871 1610 2926 oo-

209 2997 311 3051 rona
341 2969 453 3074 regia
486 2981 744 3049 coronarunt.
777 2966 878 3046 lnde
910 2967 1071 3048 Budam
1106 2967 1277 3048 veniens
1309 2981 1351 3047 et
1383 2967 1422 3047 in
1457 2966 1523 3047 die
1546 2994 1610 3049 so·

209 3092 368 3199 lempni
408 3091 451 3171 in
491 3086 680 3196 decoress)
729 3088 852 3194 regi0,
894 3115 1088 3170 coronam
1128 3103 1313 3170 sanctam
1364 3089 1521 3171 habens
1567 3090 1607 3169 in

210 3217 357 3322 capite,
391 3240 465 3320 per
496 3240 641 3294 omnes
676 3212 835 3320 plateas
870 3225 911 3291 et
942 3212 1054 3293 vicos
1096 3210 1315 3292 incedebat
1347 3238 1475 3318 eques
1509 3238 1608 3292 cum

208 3336 365 3444 populo
400 3336 578 3444 copiose,
599 3349 644 3417 nt
663 3333 822 3417 cunctis
845 3361 889 3416 se
923 3360 1013 3415 esse
1046 3360 1185 3440 regem
1216 3333 1463 3439 legittimum
1499 3334 1607 3439 pub·

208 3459 362 3540 licaret.
383 3456 463 3552 Qui
484 3459 526 3539 in
552 3458 667 3539 breui
689 3477 836 3538 terram
860 3451 1049 3563 Erdeel⁷)
1078 3485 1175 3539 cum
1200 3456 1312 3537 Beke
1337 3456 1420 3536 filio
1446 3455 1606 3536 'lhome

210 3582 372 3663 censuit
402 3581 579 3684 visitare,
613 3581 685 3660 ubi
717 3580 931 3662 Ladizlans
961 3579 1162 3688 Voyuoda
1193 3579 1329 3686 ipsum
1364 3578 1606 3685 captinauit,

210 3706 335 3809 (aab)
369 3703 482 3783 etin
516 3716 648 3784 castro
680 3728 756 3784 suo
798 3703 931 3784 tenuit
962 3703 1220 3784 vinculatum
1263 3700 1402 3783 multis
1446 3699 1608 3782 diebus.

210 3826 288 3919 uui
330 3842 470 3906 tamen
512 3825 733 3908 miserabili
779 3825 944 3906 fortuna
986 3826 1064 3906 sibi
1105 3837 1345 3905 occurrente
1386 3822 1438 3903 de
1480 3849 1610 3928 regno

209 3948 432 4055 expellitur·
465 3949 755 4054 hungarorum.
779 3946 865 4028 Nec
892 3947 970 4026 hoc
1002 3947 1326 4054 pretereundum
1360 3939 1475 4050 est8),
1494 3945 1610 4051 quod

208 4100 302 4152 cum
337 4083 480 4151 sancta
518 4097 670 4152 corona
701 4071 752 4149 ad
784 4068 1037 4174 Hungariam
1081 4082 1322 4177 portaretur,
1356 4083 1525 4175 propter
1558 4069 1612 4149 ti·

244 4282 414 4291 -—.-—·.-—-

370 4367 391 4455 1)
418 4370 452 4441 in
480 4394 545 4443 om.
576 4374 724 4443 castrum
752 4369 920 4442 Budense.
949 4367 1022 4439 VP.
1052 4368 1086 4438 et
1113 4365 1157 4438 Α.
1190 4358 1215 4444 ²)
1240 4368 1442 4457 peturmano
1464 4362 1509 4435 A.
1531 4361 1611 4437 VP.

208 4480 416 4567 petrornano.
449 4478 483 4548 S.
510 4470 536 4554 ³)
562 4475 647 4546 Bud.
677 4472 770 4546 cinit.
800 4496 864 4544 orn.
896 4470 922 4551 ⁴)
949 4472 999 4544 lle
1027 4471 1150 4543 Orione
1193 4472 1336 4542 Bruraro.
1367 4467 1407 4540 Α.
1450 4461 1476 4544 ⁶)
1501 4468 1613 4540 Oano-

209 4577 414 4757 ffllelpsiggtb'.
448 4578 474 4663 ⁰)
502 4581 632 4653 decoro.
668 4574 692 4667 ⁷)
716 4578 853 4653 Erdelu.
883 4577 1017 4653 ANP.
1048 4576 1199 4648 hordolu.
1231 4576 1265 4647 S.
1298 4567 1326 4655 8)
1351 4570 1614 4666 pretermitten-
