3660 5506
878 380 940 448 120

207 595 329 679 huius
362 597 493 678 saneti
526 597 771 680 confessoris
804 597 1099 704 consanguinei
1133 595 1196 678 sui
1222 595 1328 705 Lays
1356 622 1427 703 pre
1459 593 1616 700 gaudio

206 719 444 826 appellauit.
480 720 600 800 Anno
634 719 788 801 domini
832 720 1051 801 millesimo
1092 717 1371 800 tricentesimo
1405 717 1614 798 vicesimo

209 842 384 948 septimo
427 842 529 922 feria
575 855 722 948 quarta
761 855 856 923 ante
904 841 1155 923 dominicam
1202 839 1327 922 narnis
1375 838 1616 947 palmarum

208 963 383 1045 ecclesia
423 963 541 1044 beate
575 963 751 1069 Virginis
794 964 845 1044 de
887 964 993 1047 Alba
1036 963 1172 1069 regali,
1207 962 1399 1071 quamuis
1434 961 1618 1068 plumbo

207 1098 317 1165 tecta
358 1086 502 1166 fuisset
544 1099 686 1166 ocmtra
728 1087 978 1189 incendium,
1013 1101 1059 1168 ut
1098 1086 1287 1193 superius
1331 1084 1516 1185 memini,
1551 1098 1618 1164 ta·

208 1234 303 1288 men
336 1206 526 1288 flebiliter
557 1222 619 1290 est
651 1210 864 1311 conbusta,
899 1225 940 1290 et
971 1224 1057 1289 tota
1089 1208 1260 1289 materia
1292 1207 1490 1316 plumbea
1503 1202 1534 1312 ¹)
1570 1206 1616 1286 in

207 1329 382 1411 laminas
416 1331 616 1436 producta
647 1331 699 1411 de
732 1345 840 1412 tecto
885 1333 973 1413 eius
1006 1358 1030 1412 a
1061 1331 1166 1412 facie
1208 1330 1313 1436 ignis
1354 1328 1619 1411 vehementis

206 1450 327 1534 fluxit
359 1452 513 1558 liquide
545 1453 653 1533 sicut
685 1480 789 1555 cera,
823 1467 1001 1560 excepto
1027 1480 1111 1535 uno
1134 1452 1367 1559 campanili,
1402 1450 1512 1558 quod
1550 1464 1620 1533 est

208 1601 334 1681 supra
364 1574 603 1676 sacristiam,
622 1575 693 1656 ubi
716 1591 951 1657 sanctorum
987 1575 1158 1683 reliquie
1192 1573 1498 1682 quamplurime
1535 1599 1618 1680 po-

207 1696 284 1778 site
328 1709 646 1778 conseruantur:
686 1699 796 1804 quod
842 1726 965 1779 nemo
1014 1690 1217 1803 dubitet²)
1267 1723 1407 1778 eorum
1450 1695 1617 1795 meritis

207 1818 466 1900 remansisse.
489 1817 567 1899 Sed
579 1815 610 1926 ³)
645 1821 820 1900 candem
845 1820 1063 1901 ecclesiam
1097 1813 1212 1925 rexl)
1242 1832 1387 1926 postea
1418 1816 1572 1899 iterum
1583 1811 1618 1923 ⁵)

208 1940 380 2046 plumbo
423 1942 536 2022 texit.
573 1940 729 2022 Eodem
773 1968 881 2024 anno
916 1943 1093 2025 infesto
1126 1941 1256 2024 sancti
1291 1941 1456 2022 Andree
1488 1965 1620 2046 apos·

208 2063 278 2142 toli
312 2076 433 2144 natus
467 2076 529 2145 est
569 2063 607 2143 ei
647 2065 754 2147 filius
793 2092 916 2171 quem
952 2064 1161 2145 Andream
1204 2063 1442 2172 appellauit.
1488 2064 1619 2143 Anno

209 2185 363 2265 domini
415 2185 633 2265 millesimo
684 2187 962 2270 tricentesimo
1012 2186 1208 2269 vicesimo
1261 2212 1369 2267 uono
1421 2196 1618 2267 mortuus

209 2320 271 2387 est
313 2307 526 2389 ladizlaus
559 2307 667 2388 tilius
708 2309 808 2409 eius,
842 2322 884 2390 et
926 2310 966 2390 iu
1002 2310 1109 2392 Alba
1150 2324 1255 2389 terre
1301 2307 1456 2413 gremio
1497 2333 1621 2388 oom-

209 2425 481 2536 mendatur⁶).

549 2684 633 2783 (De
661 2688 907 2770 feroostate
934 2686 1169 2770 reficiant
1196 2688 1314 2781 ΒΗΓ

370 2902 466 2983 139.
500 2900 604 2982 Cum
639 2915 777 2984 autern
808 2903 980 3011 hysdcm
1005 2902 1261 3010 temporibus
1290 2927 1460 3006 regnum
1494 2896 1619 2980 Hun-

209 3021 318 3128 garie
347 3024 460 3131 pacis
486 3037 624 3129 optate
660 3026 952 3132 tranquillitate
985 3026 1195 3131 gauderet,
1223 3040 1265 3105 et
1290 3049 1484 3105 securum
1503 3035 1620 3104 esset

211 3147 263 3228 ab
297 3146 484 3229 hostibus
518 3146 855 3254 circumquaque,
888 3147 1002 3255 pacis
1035 3146 1199 3229 emulus
1228 3161 1269 3227 et
1301 3142 1455 3226 inuidie
1487 3143 1618 3225 semi-

210 3281 327 3348 nator
359 3268 547 3350 diabolus
582 3272 691 3354 misit
724 3269 762 3350 in
799 3297 868 3350 cor
900 3269 1115 3351 cuiusdam
1155 3268 1293 3350 militis
1335 3265 1502 3347 nomine
1536 3265 1618 3345 Fe-

211 3388 344 3469 liciani
394 3390 446 3469 do
493 3418 643 3492 genere
691 3388 866 3498 Zaaclr⁸)
910 3392 1034 3500 (aab)
1084 3391 1313 3471 inueterato
1361 3389 1521 3468 dierum
1576 3403 1619 3467 et

211 3510 365 3590 canicie
399 3510 479 3590 iam
513 3510 789 3621 respersum⁰)
828 3532 874 3596 ut
905 3514 1119 3595 domiuum
1154 3540 1276 3594 suum
1311 3537 1448 3617 regem
1482 3508 1618 3589 Karo-

211 3632 310 3732 lum,
344 3647 385 3711 et
417 3633 627 3717 dominam
673 3636 881 3718 Elizabetb
927 3636 1108 3741 reginam
1154 3651 1195 3716 et
1230 3634 1334 3715 duos
1377 3631 1481 3713 filios
1523 3630 1619 3714 eius

211 3754 402 3834 videlicet
435 3755 540 3864 lays
573 3772 613 3838 et
649 3760 855 3840 Andrcam
890 3759 1095 3840 occideret
1135 3757 1269 3862 gladio
1302 3781 1386 3835 una
1418 3753 1495 3835 die.
1532 3751 1618 3847 Qui

212 3875 444 3958 Felicianus
467 3906 541 3984 per
567 3879 775 3962 llatbeum
802 3883 852 3960 de
874 3880 1109 3962 Trinclrinio
1137 3878 1349 3985 quondam
1384 3874 1619 3983 palatinum

211 3999 347 4079 fuerat
370 3999 586 4084 exaltatus.
616 4002 802 4084 'landem
829 4002 970 4082 relicto
998 4000 1161 4081 Matbeo
1188 4009 1358 4082 venerat
1381 3997 1430 4078 ad
1461 4023 1619 4101 regem.

211 4187 418 4196 -——-.—.

373 4253 395 4346 ¹)
418 4261 546 4353 plumb.
582 4261 734 4335 materia.
765 4258 791 4340 ²)
815 4259 958 4332 dubitat.
993 4259 1034 4332 A.
1071 4260 1141 4332 VP.
1182 4255 1209 4338 ³)
1244 4256 1493 4332 nichilominus.
1533 4256 1617 4330 Vl'.

212 4360 315 4435 nichil
352 4363 510 4437 hominis.
549 4366 584 4436 S.
615 4362 642 4439 ‘l
667 4389 731 4439 mn.
762 4366 830 4438 VP.
871 4365 904 4436 S.
936 4358 962 4444 ⁵)
990 4363 1128 4435 interim
1157 4364 1190 4436 S.
1221 4364 1286 4435 Sed
1316 4361 1455 4435 curulem
1484 4402 1536 4414 -
1567 4405 1618 4415 -

211 4468 349 4559 plumbo
366 4467 463 4542 texit.
494 4492 558 4542 om.
588 4470 631 4544 A.
663 4467 688 4550 6)
718 4469 800 4543 etin
832 4468 989 4539 Alba-
1014 4512 1055 4520 «-
1087 4467 1350 4539 commemlutur.
1379 4488 1443 4537 ont
1475 4465 1546 4536 VP.
1576 4467 1618 4538 A.

211 4592 290 4643 roro
318 4572 506 4664 interponit
534 4578 692 4666 genusot
719 4574 837 4646 laudes
866 4570 1114 4664 archicpiscopi
1136 4570 1388 4663 strigoniensis
1407 4568 1615 4645 Charradiui.

212 4674 302 4751 Vide
330 4678 435 4751 Font.
467 4679 515 4752 ll.
544 4700 578 4771 p.
610 4681 694 4751 238.
734 4672 760 4759 ἵ)
800 4678 885 4750 Post
913 4698 1094 4748 excursum
1123 4677 1163 4747 dc
1191 4674 1447 4768 ardriopisoopo
1479 4674 1619 4749 Obana·

212 4777 302 4876 diuo,
332 4779 509 4878 subiungit
537 4783 579 4857 A.
613 4783 826 4878 ,Redeamus
855 4779 942 4853 undo
980 4802 1090 4854 sermo
1120 4779 1215 4872 prius
1248 4778 1372 4852 vertit:
1402 4780 1451 4851 De
1481 4777 1620 4854 Felici·

212 4906 276 4962 ano
303 4885 443 4988 perfido.
476 4881 502 4968 ⁸)
525 4887 629 4963 Zaah.
660 4881 686 4971 ⁹)
710 4883 893 4961 inueterati
922 4882 1082 4980 respersi.
1112 4885 1155 4959 B.
1185 4882 1290 4959 ceteri
1319 4905 1396 4958 omn
1423 4887 1562 4961 nostro.
