3660 5506
844 364 1000 469 ‘n-

219 593 304 662 tem
351 582 419 663 illo
461 582 527 664 die
569 609 623 663 ex
666 582 788 665 hunis
830 595 1000 665 centum
1042 592 1083 662 ct
1122 572 1453 687 vigintiquinque
1493 579 1623 685 milia,

219 699 472 812 Keuaque¹)
517 704 758 812 capitaneus
806 705 957 816 interyt
998 694 1041 786 in
1082 703 1174 811 ipso
1215 700 1345 811 prelio
1388 702 1495 784 inter
1533 702 1624 788 illos

219 821 457 934 deiectos²).
487 825 550 907 Ex
589 825 742 908 Detrici
769 854 867 910 vero
901 843 942 910 et
972 826 1136 909 Matrini
1169 817 1397 932 exercitu³)
1437 826 1623 934 exceptis

217 947 298 1031 illis
332 949 476 1057 quiin
516 962 700 1058 tentorys
740 944 866 1058 suis⁴)
909 951 949 1031 in
990 944 1189 1057 campis⁵)
1230 949 1395 1030 fuerant
1431 948 1624 1031 trucidati

218 1071 400 1153 ducenta
431 1085 473 1152 et
504 1070 648 1153 decem
674 1072 787 1154 milia
820 1084 1074 1157 corruerunt.
1092 1068 1247 1153 Videns
1265 1081 1405 1152 autem
1431 1067 1623 1185 Detricus

217 1205 377 1275 tantam
410 1193 555 1275 cedem
589 1194 787 1277 accidisse
808 1196 873 1278 sui
894 1195 1038 1303 populi
1070 1194 1112 1275 in
1144 1192 1286 1302 preli0,
1305 1203 1399 1300 post
1430 1218 1622 1300 congres-

217 1343 310 1398 sum
344 1316 473 1398 altera
504 1316 569 1397 die
603 1317 787 1424 perrexit
817 1344 963 1400 versus
994 1310 1210 1423 Tolnaml)
1244 1314 1455 1398 ciuitatem
1467 1311 1510 1422 ⁷),
1540 1344 1622 1426 quc

217 1452 318 1520 tunc
351 1451 438 1520 erat
470 1438 615 1521 ciuitas
648 1439 743 1547 (db)
761 1440 982 1523 latinorum
1015 1440 1123 1521 inter
1153 1440 1277 1521 urbes
1295 1437 1506 1520 Pannonia
1524 1465 1624 1522 con-

218 1574 373 1667 putata.
408 1559 540 1642 Tolna
572 1561 716 1643 ciuitas
758 1574 821 1644 est
863 1563 904 1643 in
938 1560 1105 1645 Austria
1146 1573 1228 1642 tres
1270 1573 1400 1644 rastas
1440 1561 1623 1644 dictata

217 1679 433 1791 Vienna⁸).
466 1682 523 1765 Ut
553 1696 692 1765 autem
737 1699 1024 1790 cognoucrunt
1064 1683 1166 1765 huni
1207 1682 1491 1768 retrocessisse
1523 1710 1621 1769 suos

217 1805 485 1908 aduersarios,
504 1805 556 1887 ad
588 1807 727 1889 locum
760 1807 996 1891 certaminis
1029 1819 1127 1890 sunt
1158 1805 1325 1910 reuersi,
1344 1819 1386 1887 et
1417 1807 1622 1890 cadauera

217 1953 387 2010 suorum
420 1928 626 2010 sociorum
669 1942 711 2010 et
752 1925 957 2037 Keuam⁹)
1001 1929 1266 2037 capitaneum
1307 1954 1421 2010 more
1464 1930 1620 2038 scytico

217 2076 346 2158 prope
378 2046 624 2159 stratam¹⁰)‚
658 2052 731 2134 ubi
763 2047 963 2159 statua¹¹)
996 2044 1256 2157 solenitcr¹²)
1289 2048 1453 2158 lapidea
1484 2065 1622 2135 erecta

218 2168 375 2280 cst¹³),
424 2172 714 2256 decentissime
772 2175 1079 2278 subterrarunt,
1120 2172 1344 2281 locumque
1402 2173 1519 2255 illum
1579 2189 1621 2256 et

217 2309 353 2403 partes
385 2295 476 2377 illas
508 2295 626 2377 Kene
659 2290 793 2402 aza¹⁴)
826 2311 1095 2379 vocauerunt.
1118 2294 1391 2402 Experientes
1423 2295 1546 2400 igitur
1575 2297 1618 2378 in

215 2417 345 2525 prelio
391 2445 584 2525 precesso
631 2418 936 2501 animositatem
981 2417 1281 2521 Romanorum,
1324 2432 1365 2498 et
1409 2444 1618 2501 armorum

215 2552 464 2648 paraturam,
491 2540 683 2623 resarcito
716 2542 902 2624 exercitu
920 2569 1064 2625 versus
1096 2540 1270 2622 Tolnam
1304 2539 1528 2644 ciuitatem,
1545 2542 1619 2624 ubi

215 2689 261 2744 se
293 2661 449 2743 inimici
482 2688 625 2745 eorum
644 2663 895 2770 collegerant
915 2663 1016 2747 huni
1040 2674 1324 2771 perrexerunt.
1344 2659 1496 2744 Contra
1513 2688 1618 2771 quos

214 2782 407 2867 Detricus
439 2812 536 2867 cum
569 2784 742 2868 Matriuo
774 2787 816 2868 in
850 2781 1112 2894 Cezmaur¹⁵l
1140 2785 1290 2867 dicitur
1316 2785 1619 2889 occurrissem

213 2932 240 2987 a
272 2933 561 3015 manensque
593 2908 644 2988 ad
678 2934 831 2991 nonam
864 2908 1089 3016 preliantes
1116 2907 1290 2989 Romani
1321 2920 1419 2991 sunt
1451 2908 1616 2990 deuicti.

212 3028 296 3110 Ubi
328 3042 370 3110 et
400 3027 600 3112 Matrinus
634 3042 821 3114 mortuus
854 3044 927 3135 est,
961 3044 1003 3112 et
1033 3029 1226 3113 Detricus
1258 3057 1332 3136 per
1363 3029 1553 3136 sagittam
1574 3031 1616 3111 in

211 3151 348 3233 fronte
379 3151 621 3235 vulneratus
658 3166 828 3262 totoque
871 3153 1058 3235 exercitu
1100 3152 1379 3234 Romanorum
1421 3151 1615 3234 interem-

211 3269 349 3380 pto¹⁶)
377 3288 418 3354 et
448 3274 601 3379 fugato,
624 3274 688 3355 Ex
723 3275 844 3359 hunis
877 3302 974 3358 vero
1007 3276 1048 3356 in
1081 3275 1150 3356 illo
1183 3274 1312 3381 prelio
1346 3273 1616 3381 quadraginta

210 3394 580 3502 milia'perierunt
614 3396 715 3478 Bela
751 3396 932 3480 Cadicha
964 3410 1006 3478 et
1036 3391 1219 3503 Keue¹⁷)
1261 3395 1414 3477 ibidem
1448 3386 1614 3478 interfe-

210 3517 300 3620 ctis,
334 3543 510 3624 quorum
545 3517 749 3602 cadauera
790 3519 941 3602 abinde
974 3537 1237 3603 remouentes
1279 3517 1392 3626 apud
1434 3531 1612 3601 statuam

211 3653 486 3721 memoratam
520 3667 616 3722 cum
649 3642 736 3750 alys
758 3637 946 3748 hunis¹⁸)
969 3642 1182 3749 sepulture
1214 3640 1480 3722 tradiderunt.
1500 3640 1613 3723 Post·

208 3786 336 3869 quam
371 3774 510 3845 autem
544 3760 823 3845 Romanorum
843 3763 1051 3846 exercitus
1069 3764 1120 3846 de
1139 3757 1402 3870 Cermaur¹⁹)
1437 3778 1499 3842 est
1531 3763 1612 3843 ‹lis-

206 3909 356 3991 persus
389 3910 606 3992 nunquam
639 3883 836 3994 deinceps
862 3914 939 3994 per
968 3886 1109 3994 plures
1141 3910 1271 3968 annos
1305 3904 1447 3966 contra
1479 3877 1613 3966 hunos

206 4005 447 4113 congregari
479 4018 715 4113 potuerunt.
1009 4011 1011 4015 ’

371 4243 396 4328 ¹)
420 4248 552 4340 Keueq.
567 4248 639 4323 ΥΡ.
668 4249 799 4342 Reuaq.
829 4248 864 4323 S.
887 4243 916 4328 ¹)
939 4248 1113 4325 omittunt.
1144 4243 1172 4331 8)
1196 4272 1261 4324 orn.
1291 4247 1360 4321 ΥΡ.
1386 4245 1414 4327 ¹)
1438 4246 1511 4322 suis
1527 4251 1611 4322 tent.

209 4345 237 4431 ⁶)
262 4372 328 4424 orn.
357 4352 429 4427 ΥΡ.
461 4346 488 4434 ⁰)
512 4351 666 4427 Tulnam.
699 4348 727 4442 'l
748 4375 825 4426 cum
857 4352 1018 4428 Macrino.
1048 4353 1124 4427 odd.
1154 4354 1225 4428 ΥΡ.
1247 4347 1273 4430 ⁸)
1296 4351 1440 4427 Vienna.
1460 4352 1531 4426 ΥΡ.
1553 4352 1596 4425 vi

207 4464 285 4530 cna.
306 4454 340 4529 S.
372 4450 399 4537 ⁹)
423 4457 565 4530 Renum.
595 4456 630 4530 S.
654 4452 699 4541 ’Υ
715 4462 872 4532 stratum.
893 4459 964 4533 ΥΡ.
989 4453 1087 4539 ¹1lut
1113 4461 1284 4552 putamus.
1306 4457 1377 4533 ΥΡ.
1407 4451 1446 4517 ¹²»
1465 4456 1610 4548 solemp-

206 4560 274 4635 uis.
305 4559 477 4636 solemnis.
499 4562 539 4634 Β.
565 4555 605 4642 ¹⁸)
632 4566 685 4637 est
712 4566 836 4637 erecta.
867 4559 907 4625 ¹⁴)
927 4563 1030 4635 Kewc
1058 4584 1128 4637 ora.
1160 4562 1231 4635 ΥΡ.
1259 4563 1356 4637 Reua
1383 4584 1453 4635 ora.
1486 4561 1510 4634 S
1544 4563 1610 4635 llo·

205 4665 347 4740 uehaza.
378 4666 418 4738 Β.
442 4666 482 4739 ln
501 4668 620 4740 nostro
645 4666 758 4740 codice
785 4669 808 4741 h
835 4667 1002 4741 insertum
1029 4665 1096 4740 alio
1125 4671 1325 4742 atramento.
1352 4662 1379 4701 ¹⁶
1421 4684 1607 4740 cesuroauu

210 4765 255 4852 ¹⁶)
274 4768 479 4864 interrupto.
508 4769 543 4843 S.
574 4763 615 4852 ¹¹)
634 4771 736 4845 Wela·
763 4772 866 4845 Keuc
894 4773 928 4843 et
954 4769 1120 4845 Kadioha.
1140 4773 1211 4847 ΥΡ.
1232 4772 1321 4846 vella
1348 4770 1503 4846 Radicha
1531 4770 1608 4844 Ouo.

208 4870 250 4948 S.
282 4867 325 4958 ¹⁸)
353 4895 418 4949 om.
447 4875 487 4947 Β.
520 4867 561 4954 ¹⁹)
581 4875 798 4950 desunmaur.
828 4876 898 4952 ΥΡ.
929 4876 1189 4952 decumanus.
1282 4880 1285 4887 ’
