3660 5506
832 306 987 407 „Q

206 517 342 599 tenuis
375 519 576 625 apparuit,
596 521 801 627 turboque
820 522 1048 604 vehcrnens
1081 520 1279 603 diuinitus
1313 518 1506 601 incitatus
1529 532 1618 599 ter·

208 640 366 721 ribilcnr
400 641 617 747 puluorern
651 644 865 725 obtutibus
887 644 1053 749 ingessit
1080 645 1370 749 hungarorum,
1392 667 1498 747 quos
1528 641 1617 721 iarn

209 761 365 868 pridem
401 778 447 844 ut
479 763 638 863 dicitur,
672 765 770 871 (luia
812 766 979 847 Potrurn
1022 794 1161 871 regern
1204 792 1327 848 suurn
1361 762 1618 845 dehonesta-

208 898 365 985 uerant,
399 885 591 967 ‹lorninus
629 887 878 992 apostolicus
922 889 1224 997 ‹ianrpnauerat
1255 886 1451 967 feriendo.
1485 882 1618 965 Conr-

208 1006 331 1088 misso
367 1003 527 1114 igitur')
571 1008 699 1115 prelio
745 1009 848 1090 inter
892 1026 1114 1117 utrumque
1159 1002 1431 1114 exerciturn²)
1463 1006 1536 1087 diu
1572 1021 1619 1087 et

207 1129 353 1210 aeriter
386 1143 616 1234 pugnaturn
651 1131 821 1212 ostsod
858 1133 1024 1214 tandein
1059 1131 1185 1214 Cesar
1216 1131 1357 1211 diuino
1390 1131 1519 1210 fretus
1537 1156 1619 1209 au·

209 1250 306 1331 xilio
339 1251 501 1331 felicem
545 1252 723 1333 obtinuit
755 1255 980 1335 victoriani.
1017 1256 1105 1335 ,arn
1141 1281 1237 1335 vero
1271 1282 1342 1334 rex
1377 1246 1617 1356 deuicto-5³)

206 1373 310 1478 fugit
343 1401 490 1455 uersus
521 1373 723 1481 'l'yscianr,
758 1391 798 1456 et
839 1378 878 1457 in
923 1377 1020 1457 vilia
1065 1376 1244 1482 quadarn
1279 1374 1319 1455 iu
1353 1373 1506 1455 sooobe
1539 1400 1617 1453 ve·

206 1495 281 1575 teri
315 1497 367 1577 ab
401 1496 608 1600 hungaris,
628 1497 780 1603 quibus
801 1526 975 1602 regnans
1009 1513 1206 1580 nocuerat
1239 1496 1459 1577 crudeliter
1490 1495 1617 1601 iugu-

207 1618 324 1700 latur.
359 1616 486 1699 Cuius
520 1619 687 1723 quiden}
722 1649 871 1727 corpus
905 1634 968 1703 est
999 1621 1209 1727 sepulturn
1245 1620 1286 1699 in
1319 1616 1495 1699 ecclesia
1528 1643 1618 1723 que

207 1742 340 1821 iuerat
373 1766 500 1845 prope
536 1740 664 1847 ipsarn
701 1742 851 1823 villani.
880 1743 974 1824 Post
996 1743 1156 1849 aliquos
1176 1755 1315 1824 autern
1349 1767 1480 1821 anuos
1513 1766 1615 1820 curn

208 1875 317 1943 esset
349 1863 543 1942 etiossnrn
567 1863 617 1941 clo
640 1864 872 1969 sepulchro,
898 1864 1109 1947 sudarium
1137 1878 1177 1944 et
1203 1862 1331 1971 ipsius
1363 1861 1620 1943 vestimenta

208 1985 457 2064 inuenerunt
490 1983 735 2091 incorrupta,
760 2002 800 2066 ct
834 1987 923 2067 loca
950 1987 1169 2067 voluerunt
1204 1998 1404 2068 resanat-a.
1422 1982 1615 2063 Tandem

207 2106 459 2212 sepelierunt
492 2130 640 2212 corpus
675 2108 762 2189 cius
799 2109 837 2188 iu
871 2109 1035 2215 proprio
1055 2107 1303 2190 monasterio
1336 2107 1376 2188 in
1409 2104 1551 2187 Sarus.

366 2222 434 2308 76.
468 2225 592 2307 Cesar
624 2245 764 2309 autern
798 2259 988 2313 reuersus
1015 2231 1066 2312 ad
1101 2245 1233 2312 castra
1266 2243 1361 2310 ante
1394 2253 1617 2310 sacrosan·

208 2363 321 2429 otnrn
355 2348 513 2453 tignum
547 2351 755 2432 salutifere
798 2354 921 2459 (aab)
964 2352 1096 2433 crucis
1138 2380 1182 2433 so
1215 2350 1426 2433 humiliter
1456 2376 1506 2429 ao
1540 2349 1618 2429 de·

209 2484 304 2551 uote
339 2470 557 2576 prostrauit
602 2473 863 2556 discalciatus
904 2475 1044 2583 pedes,
1079 2474 1210 2555 cilicio
1252 2474 1303 2554 ad
1348 2498 1514 2553 carnem
1551 2471 1617 2552 in·

208 2593 345 2694 (lutus,
379 2620 462 2674 una
494 2622 589 2674 cunr
623 2597 734 2676 cnnui
767 2598 922 2703 populo
963 2624 1038 2680 suo
1072 2595 1392 2679 inisericordiam
1426 2594 1491 2675 dei
1524 2594 1619 2698 glo·

208 2715 392 2815 ritioauit,
426 2716 537 2822 quod
570 2717 705 2823 ipsurn
742 2718 809 2798 illo
851 2719 917 2799 die
961 2719 1153 2802 liberauit
1185 2718 1236 2798 de
1269 2718 1462 2800 inanibus
1505 2714 1619 2797 hun·

208 2864 410 2942 garorunr.
455 2837 514 2917 Ex
560 2842 777 2921 teutonicis
819 2842 930 2921 enirn
971 2842 1039 2921 illo
1083 2836 1215 2948 loco⁴)
1259 2839 1419 2921 infinita
1461 2838 1621 2920 corruit

210 2959 442 3060 multitudo,
460 2959 516 3040 ita
537 2962 647 3066 quod
671 2963 778 3042 idern
807 2963 922 3045 locus
950 2991 1084 3070 usqne
1107 2963 1229 3043 hodie
1254 2963 1434 3043 ferloruu
1468 2985 1575 3068 payr
1585 2956 1618 3066 ⁵)

210 3083 250 3161 in
284 3109 425 3162 corun}
459 3081 610 3187 lingua,
630 3084 668 3163 in
700 3101 839 3167 nostra
872 3102 1013 3165 autern
1047 3077 1503 3190 linguavezetueruet⁶)
1537 3108 1619 3163 no-

210 3203 399 3284 minatur.
434 3202 497 3284 ob
531 3207 702 3286 letorenr
735 3234 918 3314 namquo
952 3225 1209 3289 nrortnorunr
1253 3235 1326 3315 per
1358 3208 1463 3288 duos
1496 3230 1621 3286 nieu-

210 3353 275 3407 scs
309 3325 432 3405 honio
465 3352 548 3406 non
582 3344 740 3434 poterat
776 3331 884 3410 bono
929 3331 1050 3410 inodo
1085 3358 1158 3437 per
1199 3344 1336 3436 partes
1380 3329 1469 3410 illas
1502 3340 1621 3408 tran·

210 3442 342 3553 sir·e⁷),
376 3447 568 3556 sagittary
603 3451 711 3530 eninr
748 3453 985 3533 occiderant
1019 3452 1108 3534 illos
1148 3466 1224 3531 etc.

209 3701 316 3782 Aba
342 3708 524 3784 mortuo
552 3727 665 3809 roge
701 3707 868 3787 Petrus
906 3731 989 3788 rex
1025 3707 1232 3810 plenario
1268 3704 1421 3808 regali
1448 3724 1621 3785 corono

296 3824 603 3926 restituitur⁸)‚
631 3826 833 3932 hungari
867 3851 980 3910 voro
1008 3830 1193 3908 veniam
1221 3828 1530 3930 optinuerunt.

370 4034 438 4119 77.
472 4039 630 4120 Interea
666 4041 837 4147 hungari
870 4043 1103 4148 cougregati
1129 4042 1168 4122 iu
1198 4035 1369 4146 nnuru⁰)
1403 4037 1618 4145 supplices

212 4176 416 4240 venerunt
448 4162 500 4241 ad
533 4160 725 4245 Cosa-reni
759 4165 923 4245 veniam
957 4180 997 4245 ct
1029 4164 1350 4246 misericordiam
1390 4159 1618 4267 imploran-

372 4383 397 4479 1)
425 4383 550 4478 itaque.
582 4386 616 4458 S.
649 4382 676 4476 ²¹)
711 4412 776 4461 orn.
808 4386 834 4484 ³)
864 4411 938 4461 coru
975 4388 1119 4463 vidisset
1161 4413 1197 4459 se
1235 4409 1373 4461 suornnr
1411 4381 1619 4457 destitutum

212 4485 351 4575 anxilio,
382 4487 471 4580 fugit
498 4512 628 4563 uersus.
658 4492 702 4565 A.
738 4490 766 4583 ⁴)
795 4492 829 4563 in
868 4494 940 4565 loeo
977 4492 1062 4586 ipso.
1095 4490 1122 4583 ὸ)
1151 4493 1411 4584 scrlnrnrnpayr.
1443 4492 1478 4560 S.
1509 4487 1616 4562 serlo-

213 4612 403 4686 nunpayer.
434 4594 503 4666 VP.
532 4594 772 4689 florumpaynr.
802 4597 850 4670 A.
883 4598 908 4681 ⁰)
933 4596 1174 4688 Westnenrnti.
1199 4597 1268 4668 tc.
1299 4592 1616 4686 unprnnenpthi.

213 4697 248 4769 S.
278 4697 501 4771 ti'eztrremet.
532 4700 571 4774 V.
601 4699 912 4793 veuthueurpuruth.
930 4700 971 4774 Α.
1004 4699 1029 4797 ⁷)
1058 4695 1329 4795 pertransi1·c.⁸)
1354 4698 1618 4791 huon-nb-

214 4799 400 4876 tinueruut.
429 4801 569 4877 omittit.
599 4806 639 4877 B.
673 4800 700 4896 ⁰)
728 4828 793 4878 our.
