3592 5490
189 571 406 664 penetrare
439 557 651 665 potuisset.
685 559 937 640 Luctabatnr
968 585 1087 666 porro
1122 559 1161 639 in
1203 586 1319 662 area,
1368 573 1409 639 et
1451 587 1607 664 grecus

189 707 263 786 per
306 707 509 786 ungarum
558 680 598 760 in
648 694 796 761 terram
846 681 1077 762 detruditur
1101 681 1157 760 'et
1198 681 1385 789 spiritum
1444 682 1604 762 exalat.

188 802 416 909 Imperator
471 821 610 883 autem
659 829 872 907 grecorum
922 832 1016 884 cum
1067 804 1240 909 coniuge
1289 804 1605 910 conspicientes

188 925 449 1024 verebantur,
484 952 562 1006 nec
595 940 776 1006 censum
800 925 912 1006 dedit
953 925 1184 1033 imperator.
1226 926 1446 1034 Propterea
1495 926 1606 1008 hun·

188 1045 273 1150 gari
306 1047 526 1128 redeuntes
559 1047 798 1155 depopulati
831 1061 928 1130 sunt
958 1063 1086 1129 totam
1121 1049 1322 1151 Greciarn,
1358 1049 1607 1132 haurientes

188 1195 349 1271 aurum,
383 1195 580 1274 gemmas,
615 1182 656 1250 et
686 1186 873 1250 armenta
905 1170 1074 1251 infinita.

544 1427 613 1507 De
641 1433 745 1507 ortu
772 1425 817 1508 S.
845 1425 1068 1531 Stephani
1094 1427 1233 1530 regis.

348 1641 415 1721 24.
458 1641 609 1721 Genitos
642 1655 693 1721 est
722 1656 873 1722 curtatus
893 1642 1104 1745 Stephanus
1139 1640 1294 1748 primus
1328 1668 1400 1721 rex
1437 1641 1604 1746 hunga-

190 1787 327 1842 rorum
363 1793 387 1842 u
414 1778 527 1866 putre
558 1765 685 1843 Malu
714 1764 784 1870 qui
817 1764 895 1843 fuit
928 1761 1032 1845 filius
1076 1763 1244 1862 'l‘oxun‚
1293 1789 1401 1849 anno
1435 1762 1600 1844 domini

190 1884 503 1987 nongentesimo
538 1885 691 1986 LXIX,
741 1902 782 1966 et
824 1901 952 1965 matre
998 1884 1158 1965 Sarolth
1202 1884 1287 1965 filia
1318 1885 1463 1993 Gyula.
1523 1884 1608 1967 Hic

191 2004 426 2112 Stephanus
459 2007 604 2088 habuit
635 2007 764 2089 filium
792 2008 960 2095 nomine
986 2007 1199 2090 Emericus
1227 2022 1429 2088 sanctum.
1463 2007 1609 2089 Gessit

192 2127 321 2209 eciam
354 2144 522 2211 sanctus
555 2130 664 2211 idem
682 2129 915 2236 Stephanus
951 2131 990 2210 in
1023 2158 1098 2212 sua
1131 2129 1408 2211 adolescentia
1441 2130 1606 2210 hellunr

192 2264 333 2332 contra
365 2249 511 2358 Cupan
544 2252 673 2333 filium
706 2252 874 2360 Zyrind,
917 2252 1035 2333 ducis
1077 2267 1241 2357 ternpore
1286 2253 1426 2359 Gepclrc
1462 2257 1608 2356 putrui

195 2373 235 2452 S.
271 2373 462 2477 Stephani.
508 2375 579 2455 lllo
613 2375 781 2483 Geycha
815 2391 975 2456 mortuo
1008 2374 1153 2480 Cupau
1188 2374 1318 2455 voluit
1352 2390 1527 2455 matrem
1563 2374 1605 2455 S.

192 2493 389 2602 Stephani
423 2497 527 2601 regis
560 2497 636 2578 sibi
670 2525 744 2603 per
775 2497 1055 2578 incestuosum
1091 2496 1284 2603 copulare
1328 2497 1608 2597 connubium,

193 2632 234 2697 et
266 2631 454 2698 sanctum
488 2617 744 2726 Stephanum
778 2620 976 2699 occidere.
1013 2618 1189 2700 Sanctus
1206 2619 1440 2724 Stephanus
1476 2619 1607 2698 inter·

191 2756 322 2821 uentu
358 2741 487 2825 sancti
523 2739 683 2821 Martini
717 2742 959 2823 confessoris
992 2742 1124 2821 adeo
1158 2741 1349 2847 implorat
1380 2741 1606 2843 auxilium,

194 2879 234 2942 et
268 2862 454 2943 exercitu
487 2877 731 2968 congregato
765 2864 930 2944 obuiam
965 2864 1077 2943 venit
1110 2863 1215 2945 hosti
1256 2860 1425 2969 Cupan,
1469 2882 1512 2943 et
1563 2864 1606 2943 in

191 2983 362 3066 flumine
403 2984 539 3065 Goron
587 2985 775 3092 primitus
818 3003 865 3066 ut
913 2986 1133 3091 predicitur
1179 2985 1313 3089 gladio
1362 2984 1607 3088 accingitur,

193 3107 243 3187 ad
293 3107 357 3188 sui
405 3108 584 3214 corporis
633 3109 860 3189 custodiam
910 3107 1025 3188 Hunt
1073 3123 1113 3186 et
1160 3107 1298 3187 Gazna
1354 3107 1607 3188 constitutis.

195 3228 329 3334 Super
362 3229 587 3309 exercitum
622 3257 719 3309 vero
754 3228 1054 3310 hamelinum
1101 3229 1323 3310 Almanum
1369 3229 1607 3335 principem

192 3351 299 3430 fecit.
334 3350 508 3436 Sanctus
541 3351 775 3458 Stephanus
807 3353 937 3431 victor
969 3352 1127 3449 existit,
1176 3349 1320 3456 Cupau
1355 3377 1379 3430 a
1411 3351 1605 3457 quodam

196 3473 345 3553 comite
379 3475 637 3578 interempto,
671 3491 712 3553 et
745 3474 859 3555 iussu
893 3474 997 3578 regis
1029 3473 1068 3552 in
1105 3483 1281 3578 quatuor
1298 3487 1433 3579 partes
1451 3472 1604 3558 diuiso.

195 3596 333 3676 Partes
367 3596 454 3702 ipse
488 3596 527 3675 iu
560 3614 698 3702 portas
731 3595 1016 3701 Strigoniensis
1049 3594 1377 3701 Wespremeusis
1408 3593 1608 3675 laurien-

195 3719 249 3799 sis
282 3718 515 3823 prouincia,
564 3733 604 3797 et
636 3717 795 3798 Erdelw
829 3719 951 3800 misse
983 3731 1099 3818 sunt,
1145 3732 1184 3797 et
1217 3743 1360 3798 omnes
1393 3717 1532 3798 coloni
1567 3736 1610 3799 et

195 3838 378 3920 redditus
411 3840 622 3946 prouincie
645 3840 791 3947 Cupan
826 3867 897 3946 per
929 3856 1119 3922 sanctum
1137 3837 1390 3946 Stephanum
1427 3840 1607 3921 cenobio

196 3962 328 4042 sancti
352 3959 511 4043 Martini
546 3990 640 4043 cnm
676 3962 845 4043 decimis
871 3963 1035 4067 frugum
1063 3979 1104 4042 et
1121 3988 1316 4068 pecorum
1335 3977 1433 4043 sunt
1448 3961 1607 4043 donati.

334 4236 501 4338 Pugna
526 4239 646 4317 inter
673 4244 883 4318 sanctum
911 4235 1195 4340 Stephanum
1223 4243 1270 4315 et
1296 4234 1464 4338 Gyula.

354 4451 424 4531 25.
454 4451 675 4557 Postquam
710 4465 876 4532 sauctus
910 4448 1142 4557 Stephanus
1193 4451 1299 4555 regie
1348 4451 1608 4533 celsitudinis

199 4599 390 4653 coronam
426 4574 622 4654 diuinitus
656 4589 718 4653 est
749 4573 935 4680 adeptus,
970 4574 1100 4653 mouit
1133 4572 1288 4653 bellum
1315 4571 1608 4679 Gyuleauun·

199 4697 292 4777 culo
330 4696 591 4800 gubernatori
641 4695 826 4804 parcium
876 4695 1239 4778 transsiluauarum
1289 4720 1397 4776 anuo
1446 4694 1609 4778 domini

199 4816 291 4904 Mll.
326 4814 456 4930 Capto
490 4817 625 4931 Gyula
658 4818 791 4931 (cum)
826 4843 955 4903 uxore
988 4831 1029 4902 et
1060 4817 1223 4902 duobus
1256 4815 1368 4925 filiis,
1410 4817 1452 4902 in
1485 4816 1609 4908 Hun-
