3660 5506
812 386 984 487 ,ΛΟ-4,

207 594 425 705 paeern“¹)
457 594 541 706 in²)
575 599 802 681 cathedrali
835 602 1010 683 ecclesia
1042 599 1152 681 beati
1185 597 1292 679 Petri
1326 595 1444 699 Albe,
1482 621 1612 703 qnam

206 720 295 828 ipse
328 723 557 803 consecrari
595 723 703 822 fecit,
738 722 997 805 Columanno
1040 722 1147 803 duce
1188 721 1311 801 fratre
1355 713 1486 823 eius³)
1534 745 1612 796 en·

205 870 292 924 sem
326 844 505 948 regalem
539 844 591 925 ad
632 846 740 927 latus
784 845 912 952 ipsius
954 844 1176 925 honorifice
1218 853 1397 941 tenente,
1431 839 1614 921 Daniele

206 991 303 1046 vero
336 965 442 1046 (luce
465 965 748 1049 Ruthenornm
784 994 939 1074 equum
966 994 1088 1049 sunm
1114 979 1210 1046 ante
1243 964 1377 1072 ipsum
1413 987 1615 1069 sumpma

207 1115 301 1169 cum
335 1088 575 1169 renereneia
607 1089 798 1170 ducente.
821 1088 1024 1196 Regnauit
1049 1101 1189 1170 autem
1222 1086 1386 1191 triginta
1419 1084 1613 1191 quinque

207 1211 337 1312 annis,
372 1226 405 1291 et
433 1226 616 1319 quieceret
646 1214 740 1292 diros
769 1212 879 1315 silica,
899 1213 1037 1293 scilicet
1055 1211 1287 1316 Stephanum
1320 1223 1353 1288 et
1384 1208 1522 1288 Beleni
1548 1211 1619 1315 qui

206 1331 326 1412 bouus
358 1336 583 1437 (repelletur.

248 1589 331 1684 (De
359 1590 507 1693 primo
536 1587 741 1671 aduentu
767 1592 1068 1672 'futororum
1097 1590 1146 1670 in
1171 1587 1475 1691 nungarlsm.
1501 1586 1574 1680 B.)

367 1803 465 1885 124.
499 1803 703 1911 Tempore
736 1818 874 1887 autem
911 1805 1026 1888 istius
1069 1804 1166 1884 liele
1199 1802 1304 1907 regis
1336 1828 1446 1883 anno
1479 1828 1505 1881 a
1537 1828 1615 1881 na·

208 1921 421 2033 tinitate⁴)'
475 1927 630 2007 domini
691 1928 909 2009 millesimo
957 1926 1242 2008 ducentesimo
1292 1923 1613 2030 quadragesimo

210 2044 384 2154 primo⁵)
437 2047 615 2154 hlangali
669 2050 758 2132 siue
805 2050 973 2151 Tartari,
1017 2078 1112 2129 cnm
1158 2047 1379 2155 quinquies
1425 2046 1614 2128 centenis

208 2170 392 2251 millibus
425 2184 675 2252 armatorum
719 2200 890 2277 regnum
924 2172 1134 2277 Hungarie
1171 2171 1426 2251 inuaserant.
1460 2167 1616 2249 Contra

208 2317 312 2397 quos
346 2292 445 2372 Bela
478 2321 548 2373 rex
583 2294 701 2375 iuxta
732 2294 886 2375 flumen
930 2290 1079 2401 Sayol)
1123 2292 1301 2399 prelians
1333 2291 1526 2372 vincitur.
1567 2289 1613 2370 ln

209 2440 291 2520 quo
325 2414 454 2520 prelio
496 2417 580 2495 fere
624 2417 880 2522 extinguitur
924 2417 1075 2501 milicia
1118 2415 1231 2520 regni
1273 2413 1484 2519 Hungaric
1518 2412 1614 2494 uni·

209 2563 340 2618 uersa.
374 2537 469 2643 lpse
502 2564 598 2619 vero
633 2539 731 2619 hela
763 2567 858 2643 rege
891 2540 941 2619 arl
978 2566 1088 2620 mare
1121 2539 1262 2643 fugam
1294 2536 1485 2637 faciente,
1513 2533 1616 2615 Tar-

208 2659 282 2739 tari
326 2686 459 2765 nsque
501 2659 556 2741 ibi
606 2656 744 2767 enm⁷)
796 2661 1017 2744 crudeliter
1067 2661 1319 2742 insecuntur.
1367 2657 1616 2740 hlanserunt

208 2780 318 2861 enim
352 2781 429 2888 ipsi
460 2781 615 2862 Tartari
648 2783 689 2862 in
721 2810 848 2888 regno
880 2782 1090 2888 Hungarie
1117 2782 1247 2864 tribus
1274 2780 1405 2863 annis.
1428 2781 1478 2862 nt
1512 2779 1617 2886 quia

208 2903 249 2983 in
292 2903 372 2986 illis
424 2905 680 3010 temporibus
730 2906 934 2987 seminare
977 2933 1057 2986 non
1105 2897 1371 3012 potue1·nnt⁸)
1423 2901 1614 3007 hungari,

209 3025 302 3106 ideo
345 3026 476 3106 multo
520 3027 658 3132 plures
700 3042 794 3134 post
836 3028 995 3109 exitum
1036 3028 1199 3108 illorum
1241 3027 1351 3106 fame
1386 3024 1613 3131 perierunt,

209 3174 333 3252 quam
368 3148 423 3227 illi
459 3148 528 3255 qui
561 3149 602 3228 in
643 3150 925 3255 captiuitatem
970 3150 1083 3231 ducti
1116 3163 1224 3250 sunt,
1259 3162 1299 3227 et
1331 3146 1465 3251 gladio
1500 3145 1612 3226 ceci·

209 3264 411 3375 (lerunt9).
455 3271 579 3376 (sot)
628 3271 723 3354 Post
774 3273 849 3352 hcc
892 3287 1031 3354 autem
1075 3299 1149 3351 rex
1191 3270 1292 3350 Bela
1335 3295 1525 3351 reuersus
1558 3268 1613 3347 (le

209 3391 423 3473 maritimis
456 3394 654 3498 partibus,
690 3393 838 3475 ducem
877 3395 1039 3475 Austric
1083 3386 1401 3498 Tridericnm¹⁰)
1436 3389 1609 3471 bellico·

209 3540 300 3594 sum
345 3527 439 3594 ante
484 3515 643 3596 Nouum
690 3516 898 3598 ciuitatem
939 3544 1039 3622 gens
1082 3508 1296 3619 occidit¹¹)
1332 3513 1613 3618 hungarorum

208 3635 250 3714 in
284 3636 423 3741 preli0,
457 3664 532 3742 per
565 3637 779 3717 maxillam
812 3633 1167 3743 transfigendo¹²).
1185 3636 1299 3716 Licet
1326 3646 1465 3717 tamen
1499 3632 1612 3713 idem

209 3757 295 3837 dux
331 3758 525 3838 ceciderit
556 3758 597 3838 in
632 3759 708 3838 hoc
743 3760 863 3859 bello,
896 3760 997 3840 Bela
1028 3754 1281 3867 rex¹³)cum
1312 3756 1506 3863 hungaris
1540 3755 1614 3835 tri·

211 3880 413 3986 umphum
453 3875 704 3986 penlirlit'l).
741 3880 837 3962 Post
862 3883 939 3963 hec
972 3896 1111 3964 autem
1144 3908 1252 3963 anno
1287 3879 1443 3960 domini
1477 3876 1614 3958 mille-

210 4001 314 4082 simo
333 4001 618 4083 ducentesimo
647 4004 906 4108 sexagesimo
936 4004 1047 4084 idem
1081 4032 1156 4084 rex
1189 3996 1351 4109 Bela¹⁵)
1385 4025 1615 4105 congrega·

210 4123 271 4203 uit
305 4125 535 4206 exercitum
570 4124 784 4231 copiosum
828 4140 969 4207 contra
1011 4125 1264 4206 Othocarum
1308 4151 1447 4228 regem
1481 4121 1616 4203 bohe-

210 4292 417 4313 --·-—-—·r

369 4360 394 4439 ¹)
418 4364 563 4438 domine.
602 4365 678 4437 add.
708 4359 734 4446 ²)
765 4388 804 4438 ea
854 4368 928 4439 auid.
958 4368 994 4441 S.
1025 4362 1053 4444 ³)
1078 4367 1237 4439 eiusdem.
1269 4361 1296 4445 ⁴)
1321 4390 1386 4438 orn.
1423 4369 1539 4457 preto·
1566 4364 1616 4436 V.

210 4472 243 4541 et
271 4470 314 4542 B.
345 4464 372 4550 ὁ)
395 4468 469 4561 ipso
499 4469 583 4541 Itala
610 4475 786 4562 regnante.
812 4472 888 4543 adil.
916 4473 985 4545 VP.
1018 4469 1044 4551 ⁶)
1072 4474 1147 4544 Sec.
1181 4466 1206 4551 ⁷)
1231 4473 1353 4565 ipsum.
1386 4466 1412 4547 ὃ)
1445 4467 1617 4543 seruitium

208 4572 278 4645 illis
306 4573 526 4667 temporibus.
556 4572 659 4646 etiam
686 4574 729 4646 B.
760 4569 785 4655 ⁹)
810 4579 844 4647 et
871 4577 918 4668 gl.
949 4599 1015 4650 cce.
1048 4600 1113 4650 om.
1144 4573 1505 4656 A.¹⁰lF1·edericnm.
1533 4571 1613 4645 VP.

210 4677 414 4751 Fridricum.
451 4676 493 4749 A.
523 4678 557 4751 S.
591 4673 632 4758 ¹¹)
656 4677 691 4749 in
724 4677 844 4772 prelio.
882 4681 957 4752 arod.
1000 4677 1041 4761 ¹²)
1081 4685 1100 4752 t
1133 4679 1307 4754 transfixit
1335 4702 1395 4773 per
1425 4676 1614 4751 rnaxillam.

214 4775 254 4863 ¹³)
278 4783 444 4875 prefatus
481 4782 557 4855 add.
592 4777 630 4856 ¹⁴}
654 4782 792 4876 triunp.
825 4804 853 4856 c.
883 4785 986 4880 hung.
1022 4788 1117 4879 paul.
1149 4779 1187 4861 ¹⁵)
1211 4788 1296 4860 Post
1329 4784 1391 4856 hec
1424 4783 1515 4856 idem
1552 4803 1618 4855 rex

210 4908 298 4960 anno
327 4886 455 4961 domini
484 4891 547 4961 cto.
