3592 5490
821 337 977 436 *rr-

197 551 276 634 lins
316 565 456 634 autem
499 551 680 658 ipsorum
733 553 878 633 beatus
922 551 1135 633 Emericns
1184 575 1413 658 purpureas
1462 559 1599 630 vestes

197 668 424 781 proprias¹)
458 689 553 754 ante
587 670 771 781 altaria²)
805 674 1043 781 deponebat
1083 700 1155 780 pro
1188 672 1386 753 altaribus
1425 670 1600 752 induen-

198 796 271 897 dis,
315 795 423 878 sicut
464 809 582 901 pater
624 797 662 875 in
706 796 889 904 ecclesys
933 795 1137 900 regalibus
1182 821 1315 900 usque
1361 792 1482 872 ruodo
1521 809 1597 874 etc.

199 917 325 1024 (2lb)
360 917 480 998 Pater
514 944 611 998 uero
645 919 929 1001 sanctissimus
969 919 1134 999 bursam
1170 943 1336 998 auream
1374 915 1413 994 in
1448 914 1600 996 lumbis

197 1041 387 1120 refertam
432 1035 662 1147 gestabam)
707 1041 882 1148 denarys
927 1040 1018 1147 puri
1062 1038 1219 1142 argenti
1261 1051 1302 1118 et
1345 1031 1457 1141 ubil)
1499 1064 1600 1143 pian-

196 1188 317 1268 peres
349 1160 531 1263 vidisset,
567 1188 664 1241 mox
711 1162 764 1242 ibi
808 1163 1045 1243 accedebat.
1094 1161 1146 1240 Et
1187 1161 1277 1239 ideo
1320 1160 1490 1239 dextera
1533 1159 1601 1238 illa

197 1283 427 1365 misericors
461 1296 523 1364 est
556 1285 595 1363 in
630 1312 800 1391 corpore
834 1286 1015 1366 exterius
1050 1310 1186 1363 coram
1222 1281 1352 1362 oeulis
1390 1280 1599 1385 Hnngarie

197 1432 330 1511 nsque
363 1404 403 1485 in
440 1405 684 1487 hodiernum
720 1404 884 1513 diem.⁵)

353 1563 421 1643 06.
460 1563 582 1669 (2222)
617 1562 739 1643 Anno
772 1564 926 1645 domini
955 1562 1172 1643 millesimo
1196 1560 1393 1664 vigesimo
1417 1560 1599 1640 secundo

195 1683 235 1764 in
271 1683 412 1765 multis
447 1685 545 1767 locis
590 1686 780 1767 incendia
824 1687 954 1766 multa
993 1701 1034 1764 et
1075 1710 1224 1788 magna
1255 1685 1364 1762 facta
1395 1695 1503 1784 sunt,
1539 1682 1600 1762 in·

195 1833 297 1910 gens
330 1805 462 1886 eciam
496 1821 601 1887 terre
636 1822 773 1890 motus
806 1808 976 1912 contigit
1009 1822 1154 1914 quarto
1190 1805 1285 1885 [dus
1312 1803 1404 1911 lllay
1438 1805 1601 1885 decima

198 1927 296 2007 bora
336 1928 415 2008 diei
457 1930 559 2008 feria
600 1927 760 2035 sextal)
800 1943 892 2036 post
932 1930 1216 2010 ascensionem
1260 1925 1438 2025 domini3
1482 1926 1599 2032 qnasi

195 2048 278 2129 dno
311 2050 418 2131 soles
453 2050 525 2131 visi
559 2067 656 2132 snnt
688 2053 849 2132 decimo
885 2052 1082 2132 kalendas
1114 2050 1223 2156 -lnlp

355 2203 424 2288 67.
459 2207 678 2314 Postquam
714 2225 852 2291 autem
897 2208 1177 2313 magnificanit
1217 2205 1409 2285 domimrs
1444 2204 1600 2284 miseri·

196 2328 376 2408 cordiam
410 2355 527 2410 suam
564 2359 659 2412 cum
704 2327 865 2437 beato⁷)
910 2330 1119 2437 Stephano
1153 2327 1350 2408 vertendo
1384 2327 1505 2407 dorsa
1536 2354 1599 2407 re·

195 2478 292 2555 gum
327 2451 367 2530 in
401 2452 540 2556 fugam
575 2480 599 2532 a
630 2453 734 2533 facie
777 2453 898 2559 glady
934 2453 1034 2552 eius,
1070 2465 1110 2532 et
1142 2451 1323 2531 dominio
1367 2448 1455 2530 eins
1489 2448 1599 2556 prin·

196 2572 357 2680 cipatns
391 2587 432 2652 et
459 2587 685 2681 potestates
713 2574 955 2657 subiciendo
983 2575 1167 2655 onmium
1199 2588 1433 2653 exterarum
1462 2572 1599 2652 nacio-

196 2721 297 2775 num
317 2695 471 2776 circum
496 2696 793 2800 ediscendum,
813 2698 1058 2779 deliberanit
1080 2712 1248 2779 sanctus
1272 2723 1343 2774 rex
1365 2692 1600 2800 Stephanus

196 2830 238 2896 et
269 2816 439 2898 firmiter
470 2819 623 2920 statuit,
643 2821 898 2902 utomnibus
932 2820 1095 2927 pompis
1130 2818 1339 2899 mundane
1373 2817 1498 2919 glorie
1517 2815 1600 2894 cal·

196 2938 309 3040 catis,
338 2953 379 3020 et
411 2938 690 3048 ternporalis⁸)
724 2943 837 3048 regui
871 2944 1118 3049 dyademate
1152 2941 1339 3046 deposito
1372 2938 1498 3017 solius
1531 2937 1596 3017 dei

195 3061 371 3142 seruicio
403 3075 537 3144 semet
568 3065 705 3170 ipsum
741 3066 1008 3171 manciparet,
1033 3080 1072 3144 et
1099 3065 1150 3144 ab
1185 3060 1458 3143 exterioribus
1492 3059 1600 3140 curis

196 3183 429 3290 expeditus,
448 3186 813 3293 contemplatinam
850 3188 974 3268 vitam
987 3183 1027 3292 9),
1050 3185 1272 3292 tranquilla
1304 3177 1470 3289 pacem)
1506 3209 1597 3287 per·

195 3319 345 3410 ageret.
396 3304 597 3388 Coronam
659 3335 754 3389 vero
805 3310 913 3414 regie
966 3308 1219 3389 celsitudinis
1264 3305 1344 3385 filio
1387 3330 1462 3385 suo
1505 3303 1600 3383 duci

194 3426 383 3508 Ernerieo
416 3430 685 3511 sanctissimis
719 3432 902 3512 moribus
938 3431 1136 3512 diuinitus
1169 3430 1368 3510 instructo
1401 3454 1445 3506 se
1479 3425 1597 3504 datu-

193 3577 284 3630 rum
327 3549 540 3657 disposuit.
585 3553 680 3633 Erat
723 3554 832 3633 enim
878 3555 1024 3635 beatus
1067 3551 1281 3631 Emericus
1325 3550 1365 3628 in
1410 3549 1598 3655 prirneuo

193 3667 543 3779 adolescencie¹¹)
577 3673 674 3755 flore
708 3702 834 3782 snpra
867 3701 1133 3754 connnnnem
1159 3688 1345 3754 naturam
1383 3670 1596 3750 bominum

193 3792 335 3873 diuino
378 3822 549 3876 munere
590 3798 849 3898 sublimatus,
891 3797 1052 3878 iusticia
1094 3794 1320 3902 prudencia
1362 3792 1598 3873 tortitudine

193 3917 474 4021 temperancia
506 3919 716 4025 sapiencia
747 3920 935 4019 sciencia,
965 3919 1284 3999 mansuetudine
1320 3914 1599 3996 misericordia

194 4037 456 4142 benignitate,
492 4040 676 4146 largitate
715 4042 947 4122 humilitate
980 4054 1021 4120 et
1055 4039 1266 4147 paciencia
1299 4051 1493 4138 armatus,
1529 4063 1597 4116 ce·

190 4160 374 4267 terisque
407 4162 618 4245 catholicis
640 4178 765 4271 atque
786 4163 961 4272 politicis
980 4162 1201 4243 virtutibus
1234 4161 1469 4241 adornatus
1492 4157 1596 4241 Cum

353 4415 378 4498 ¹)
407 4420 563 4516 proprias
597 4426 709 4495 restes
745 4443 845 4515 purp.
891 4416 917 4502 ²)
951 4420 1070 4493 altare.
1111 4415 1138 4501 ³)
1176 4422 1308 4514 gestab.
1346 4419 1408 4492 ref.
1450 4415 1477 4499 ⁴)
1508 4417 1597 4490 duur.

193 4520 220 4607 5)
245 4523 414 4600 hiclocus
442 4549 566 4600 vacuus
604 4528 651 4599 ‘28
687 4526 865 4599 linearum.
907 4527 944 4599 ln
980 4527 1020 4597 B.
1052 4527 1121 4598 VP.
1152 4529 1185 4598 ct
1215 4527 1253 4596 V.
1293 4524 1414 4596 titulus
1443 4521 1597 4596 luciden-

191 4629 254 4705 cia..
285 4631 327 4703 In
357 4632 393 4706 S.
423 4630 614 4706 incidentia
641 4632 682 4704 de
710 4630 891 4724 aliquibus.
932 4626 957 4710 “l
993 4633 1091 4703 sexta
1120 4629 1215 4702 feria.
1249 4624 1274 4708 'l
1299 4652 1390 4722 rege.
1421 4628 1496 4701 add.
1527 4627 1597 4700 VP.

192 4741 221 4828 8)
252 4737 430 4832 temporali
472 4738 542 4811 VP.
574 4730 601 4828 Ξ’)
638 4740 672 4810 et
700 4737 775 4809 add.
807 4738 842 4811 S.
877 4735 918 4820 ¹⁰)
959 4734 1181 4829 tranquillam
1216 4757 1343 4833 pacem
1389 4731 1428 4814 ΙΙ)
1467 4732 1598 4808 ariolos·

191 4840 304 4920 centio
333 4844 369 4921 S.
