3660 5506
829 349 983 449 Q

207 562 383 643 Primam
418 562 609 644 videlicet
641 564 867 671 preclaram
896 564 1167 671 Margarctam
1199 562 1322 642 filiam
1359 558 1612 641 excellentis

207 685 402 793 principis
436 686 591 766 domini
625 686 760 767 Karoli
779 701 878 769 tunc.
896 687 1142 767 marchionis
1175 684 1368 784 Morauie,
1388 683 1459 788 qui
1493 696 1613 789 post-

207 809 376 888 morlum
412 808 464 887 ad
496 808 713 915 imperium
758 811 835 890 fuit
877 811 1136 891 sublimatus.
1170 808 1221 886 Et
1262 807 1337 887 ista
1369 805 1456 885 sine
1490 803 1612 911 prole
1681 912 1684 917 Ι

208 930 402 1010 defuncta
436 944 506 1010 est.
545 932 726 1012 Alteram
764 933 942 1013 inolitam
978 932 1187 1011 <brunnam
1223 926 1441 1027 Eiizabeth,
1476 926 1610 1006 filiam

207 1050 404 1159 Stephani
437 1053 532 1132 bam
566 1055 779 1160 prenotati,
814 1083 864 1134 ex
902 1082 984 1161 qua
1016 1069 1097 1136 tres
1140 1053 1240 1134 iilius
1281 1049 1494 1155 generauit
1526 1047 1610 1129 sci-

207 1174 303 1254 licet
337 1174 598 1255 iiatheriuam
636 1176 802 1257 Mariam
840 1179 1056 1282 Arluigam.
1087 1176 1182 1282 ipsa
1207 1190 1345 1256 autem
1382 1170 1612 1252 Katheriua

208 1296 248 1376 in
280 1296 463 1403 puericia
496 1312 625 1378 morte
659 1299 793 1379 extitit
827 1314 1038 1407 preueuta.
1057 1298 1108 1378 ln.
1127 1299 1224 1403 qnia
1246 1296 1296 1377 ad
1332 1293 1477 1399 regalis
1509 1318 1610 1399 pro·

206 1419 365 1525 paginis
397 1420 565 1526 stirpem
600 1421 707 1501 clara
740 1438 837 1501 sunt
869 1423 1059 1526 coniugia
1092 1418 1360 1527 exquirenda,
1379 1415 1606 1521 dequibus

206 1541 429 1621 deriuamla
463 1544 669 1623 successio
704 1545 822 1627 claris
856 1545 1010 1649 fulgeat
1042 1560 1186 1625 nature
1220 1541 1347 1622 titulis
1392 1538 1607 1643 insignit-a:

205 1664 336 1770 ipsam
372 1663 553 1765 Mariam,
588 1666 738 1746 claram
772 1694 928 1772 augens
970 1666 1215 1774 prosapiam,
1251 1662 1394 1745 illustri
1429 1659 1607 1768 principi

206 1784 467 1889 Sigismumio
512 1788 735 1869 rmuohioni
781 1790 1176 1893 Bramloubrugensi,
1223 1789 1261 1866 in
1309 1783 1453 1891 puerili
1494 1796 1609 1863 etate

207 1909 398 2015 utrinque
433 1910 649 2009 existente,
683 1938 806 2017 quem
841 1912 892 1991 <le
925 1914 1049 2018 stirpe
1091 1937 1257 1992 cesarea
1294 1921 1411 2014 pater
1444 1905 1609 1986 eduxe-

207 2044 267 2110 rat
305 2031 586 2138 imperialibus
629 2033 749 2140 rarlys
794 2034 1052 2133 illustratum,
1088 2031 1392 2115 comnumioato
1434 2026 1611 2109 consilio

206 2153 560 2235 serenissimamm
603 2156 861 2241 dominarum
906 2157 1135 2259 reginarum
1180 2153 1384 2259 genitricis
1425 2177 1473 2230 ae.
1506 2176 1610 2230 cori·

206 2276 324 2355 sortis
357 2305 537 2357 sinuum.
574 2304 736 2357 neomm
771 2280 1022 2385 prolatorum
1059 2294 1099 2358 et
1133 2280 1333 2359 barmmm
1366 2274 1478 2377 regui
1513 2300 1611 2378 pre·

207 2397 394 2498 oericnte,
430 2399 470 2477 in
502 2398 706 2481 'l'ernauia
738 2417 928 2507 presente
972 2401 1230 2507 imperatrice
1272 2411 1399 2478 matre
1433 2396 1534 2496 eius
1572 2409 1615 2475 et

187 2519 292 2601 'suis
342 2521 564 2601 baronibus
608 2522 658 2601 de
700 2523 910 2623 Bolremia,
944 2552 1038 2604 cum
1086 2550 1233 2628 magna
1274 2518 1536 2601 solemnitate
1572 2533 1614 2597 et

207 2642 342 2722 leticia
376 2644 662 2724 matrinmniali
697 2645 834 2725 feriere
871 2646 1149 2753 desponsauit,
1184 2662 1224 2724 ot
1256 2641 1368 2749 apud
1399 2667 1443 2721 se
1476 2639 1612 2719 nutri·

207 2766 336 2844 endas
370 2766 644 2847 rsrnrscruauit.
664 2765 740 2860 (rui
777 2796 888 2849 nuno
922 2782 1175 2872 conregnant
1196 2768 1234 2847 iu
1256 2764 1367 2869 regni
1386 2763 1486 2846 solio
1504 2763 1610 2843 sub·

207 2886 346 2968 limati.
384 2887 547 2992 Aduiga
580 2916 675 2969 vero
709 2908 801 2995 post
835 2908 1007 2971 mortem
1042 2890 1166 2997 patris
1200 2890 1238 2969 in
1273 2888 1453 2992 reginam
1489 2884 1613 2965 Polo·

207 3008 273 3089 nie
307 3010 442 3089 extitit
459 3028 671 3109 coronata3
705 3041 786 3117 qne
814 3014 1078 3119 postnuuimn
1099 3024 1401 3119 perinagnates
1432 3008 1612 3089 barones

208 3149 249 3211 et
280 3132 440 3211 noiaiics
473 3135 583 3237 regni
625 3133 789 3213 Polonie
833 3135 1118 3241 patentissimo
1161 3131 1336 3241 principi
1367 3129 1612 3238 Lytirnano-

208 3282 298 3334 rum
329 3253 477 3358 iugula
512 3257 677 3335 nomine
710 3257 758 3335 ad
785 3258 905 3337 tidem
941 3258 1182 3338 catholicam
1219 3278 1430 3353 conuerso,
1449 3268 1612 3333 etcum

207 3376 291 3456 suis
324 3376 516 3457 iratribus
551 3378 766 3484 lurptizato,
801 3379 936 3459 extitit
980 3378 1267 3459 matrimoniali
1304 3376 1443 3456 redere
1476 3400 1613 3480 copu-

208 3498 299 3579 lata.
338 3504 469 3591 Quem
507 3500 544 3578 in
580 3528 714 3603 regem
749 3500 915 3581 Polrmie
957 3502 1195 3582 solemniter
1226 3527 1299 3607 per
1332 3523 1402 3579 eos
1435 3521 1614 3578 corona·

207 3636 295 3699 tum
339 3621 571 3701 ladislaum
617 3623 894 3704 nomimuunt.
938 3624 1017 3717 uui
1060 3624 1246 3705 similiter
1288 3648 1384 3701 omn
1429 3618 1613 3725 coniuge

208 3761 460 3847 conregnant
492 3743 666 3825 letanter
696 3745 733 3824 in
770 3746 927 3827 eodem.

208 3997 446 4103 (Sequitur
465 3999 521 4081 de
541 4000 882 4103 gubernacione
900 4003 1033 4105 regni
1047 4024 1161 4107 paee
1181 4007 1228 4082 et
1240 3999 1613 4103 tranquillitate.)

366 4216 464 4299 218.
501 4216 604 4296 Cum
640 4234 778 4296 autem
814 4217 1067 4324 temporibus
1110 4214 1356 4297 successiuis
1387 4211 1498 4292 idern
1533 4239 1613 4293 rex

207 4337 460 4443 aniplissime
495 4339 706 4443 praestatis
749 4352 867 4435 esset,
902 4356 940 4417 et
972 4337 1133 4417 floreret.
1166 4337 1204 4416 in
1239 4335 1350 4440 regui
1396 4333 1510 4433 solio,
1544 4350 1613 4415 to·

208 4475 291 4539 tam
324 4487 440 4541 suani
476 4460 712 4539 telicitatcm
749 4489 905 4566 ponens
936 4462 973 4539 in
1009 4461 1085 4537 rico
1119 4486 1142 4538 a
1175 4486 1257 4563 quo
1291 4456 1429 4537 ormria
1462 4481 1613 4561 proce·

207 4582 321 4681 dunt,
356 4597 395 4661 ct
428 4610 548 4661 suum
595 4583 867 4689 principatum
912 4599 951 4661 et
992 4582 1200 4683 regiminis
1241 4607 1382 4660 cruam
1416 4577 1473 4658 iiii
1507 4580 1612 4659 sub·

209 4703 396 4802 mittcus;
429 4731 509 4782 non
556 4704 679 4808 (tiso)
724 4706 911 4811 passione
953 4731 999 4783 ac
1034 4702 1244 4782 voluntate
1289 4701 1460 4807 cupiens
1493 4700 1613 4805 priu-

209 4826 346 4935 cipari,
384 4826 498 4907 reiut
536 4844 672 4907 custos
716 4828 874 4908 iusticie
921 4827 1115 4929 existens,
1159 4826 1316 4933 absque
1356 4820 1524 4905 racione
1568 4840 1615 4907 et
