3660 5506
838 313 932 383 .8l

209 559 299 613 cem
312 524 355 638 ¹),
388 557 436 612 ac
469 528 619 611 ducem
653 528 809 610 auxilio
847 559 1017 614 suorum
1061 534 1305 618 destitutum
1338 526 1618 642 superauit²).

209 654 350 736 Sedet
381 654 432 733 de
466 652 564 761 ipsis
597 651 862 736 traditoribus
894 657 1033 763 fugam
1058 657 1353 742 simulantibus
1384 658 1455 737 vix
1490 657 1621 763 pauci

209 787 445 876 euaserunt,
479 789 520 856 et
560 776 720 857 utinam
763 803 817 857 cx
850 779 908 859 cis
951 780 1090 862 nullus
1132 782 1344 882 euasisset,
1377 779 1450 886 qui
1482 779 1621 862 bene-

209 902 406 983 factorem
441 899 655 980 dominum
690 925 812 980 suum
854 902 1169 985 sceleratissime
1209 904 1476 986 tradiderunt.
1513 901 1620 983 Dux

210 1051 307 1106 vero
340 1017 517 1132 Geysa³)
551 1022 745 1130 quamuis
779 1024 965 1106 maxima
995 1047 1111 1133 parte
1144 1026 1207 1108 sui
1234 1019 1623 1131 cxe1·citus⁴)esset

210 1147 443 1248 destitutus,
462 1172 544 1227 uon
577 1159 717 1226 tamen
750 1147 961 1229 abhorruit
987 1175 1071 1230 nno
1093 1161 1255 1231 tantum
1287 1147 1451 1255 agmine
1484 1147 1621 1255 stipa·

208 1283 276 1352 tus
309 1283 451 1351 contra
483 1269 648 1376 triginta
679 1266 910 1352 Salomonis
939 1270 1103 1377 agmina
1135 1272 1399 1355 senissimum
1432 1271 1620 1378 prelium

210 1392 480 1475 committere.
527 1392 733 1474 Omnibus
781 1406 920 1474 antem
965 1394 1164 1477 militibus
1213 1395 1298 1478 suis
1340 1392 1621 1501 pereuntibus

210 1514 436 1596 declinauit
467 1543 491 1596 a
523 1514 646 1616 bellu,
664 1517 937 1623 trausiuitquc
960 1516 1150 1626 Tysciam
1178 1517 1218 1599 iu
1247 1516 1419 1599 Chotoid
1431 1511 1475 1622 ⁵),
1495 1542 1620 1596 cum-

211 1664 292 1744 que
327 1638 553 1744 equitasset
584 1637 692 1720 ultra
724 1633 961 1745 Baclriam⁶)
1001 1641 1188 1723 obuiauit
1219 1639 1332 1722 fratri
1362 1664 1438 1720 suo
1471 1637 1621 1719 Ladis-

211 1761 276 1841 lao
309 1773 350 1840 et
383 1758 524 1842 Ottoni
556 1760 650 1843 duci
685 1762 837 1841 sororio
872 1787 1026 1864 eorum,
1061 1792 1156 1844 cum
1193 1762 1328 1845 valido
1370 1760 1530 1842 auxilio
1564 1760 1620 1841 ad

212 1910 308 1964 eum
352 1885 547 1965 venienti.
580 1884 668 1965 Rex
713 1898 852 1965 autem
898 1899 938 1964 ct
978 1885 1065 1967 dux
1115 1897 1210 1967 aute
1254 1882 1619 1992 quadragesimam

211 2020 504 2113 pugnauerunt
537 2006 578 2085 in
612 2006 783 2114 Kemey,
817 2020 960 2113 quarta
993 2008 1094 2090 feria
1127 2026 1219 2115 post
1252 2006 1502 2088 dominicam
1534 2032 1623 2111 qua

212 2125 432 2236 canitur·⁷):
465 2128 643 2234 Exurge.
664 2128 707 2208 lu
734 2130 809 2209 lroc
842 2145 982 2210 antem
1017 2132 1125 2214 bello
1159 2130 1276 2239 Opus
1309 2128 1417 2210 filius
1450 2126 1622 2208 Martini

212 2251 264 2330 de
297 2278 447 2355 genere
481 2245 723 2357 Vecellini⁸)
767 2251 885 2333 miles
927 2253 1139 2357 gloriosus,
1173 2254 1347 2335 militem
1390 2251 1508 2332 ducis
1544 2276 1622 2330 uo-

212 2375 323 2453 miue
356 2374 521 2456 Petrum
557 2375 876 2456 audacissirmrm
906 2403 1030 2482 super
1056 2404 1211 2483 equum
1238 2374 1512 2457 submirteum
1550 2399 1623 2451 ce·

212 2513 404 2603 terosquc
448 2497 740 2604 precedentem
785 2497 968 2578 radiante
1008 2500 1132 2580 lorica
1177 2516 1217 2580 et
1260 2499 1455 2579 deaurata
1497 2495 1625 2600 galea

213 2618 478 2727 perspicuum
514 2637 639 2726 atque
673 2620 723 2699 ad
758 2617 993 2701 condictum
1018 2622 1167 2704 milites
1200 2632 1498 2730 prouocantem
1534 2618 1623 2700 siu-

212 2742 343 2848 gulari
377 2744 601 2826 certamine
635 2743 860 2848 superauit.
888 2742 991 2823 Nam
1026 2744 1077 2824 de
1110 2746 1274 2849 agmine
1308 2740 1542 2825 Salomonis
1568 2740 1623 2820 ad

213 2865 444 2973 predictum
485 2866 657 2946 militem
701 2865 813 2945 solus
847 2862 964 2970 Opus
1006 2893 1131 2974 super
1173 2868 1331 2972 giluum
1375 2889 1534 2970 equum
1579 2854 1621 2943 iu

214 2988 339 3068 lorica
381 2989 588 3070 cucullata
633 2985 804 3067 cuulsus
836 2986 876 3065 in
911 2988 1081 3069 modum
1125 2988 1311 3070 fulminis
1353 2987 1437 3067 ictu
1472 2985 1624 3066 lancee

213 3123 335 3216 rupta
369 3111 492 3193 lorica
525 3137 599 3218 per
627 3108 807 3187 medium
836 3134 906 3188 cor
932 3110 1147 3192 transfixit.
1182 3112 1227 3192 ln
1262 3110 1407 3191 eodem
1442 3101 1624 3214 ecia-111⁹)

214 3232 324 3313 bello
358 3247 514 3314 tantam
549 3246 725 3334 stragem
761 3231 914 3311 crebris
947 3233 1096 3314 ictibus
1118 3233 1239 3342 glady
1261 3233 1324 3315 sni
1356 3230 1454 3313 fecit
1486 3227 1624 3336 Opus,

216 3354 327 3460 quod
362 3384 434 3461 pre
468 3355 595 3435 nimia
632 3353 962 3458 reciprocacioue
1005 3355 1162 3435 ictuum
1197 3357 1344 3437 dextra
1387 3354 1476 3435 eius
1507 3351 1623 3433 obri-

214 3472 435 3583 guer·at¹⁰).
473 3476 561 3556 Rex
600 3490 738 3556 autem
782 3473 976 3556 Salomon
1011 3490 1052 3556 et
1086 3480 1267 3559 inarime
1309 3474 1507 3558 teutonici
1542 3474 1624 3554 mi·

215 3599 413 3680 rabautur
446 3599 497 3680 de
532 3598 723 3706 potencia
756 3611 797 3676 et
828 3599 1003 3680 audacia
1035 3600 1156 3707 (tua)
1184 3599 1301 3708 Opus
1333 3600 1374 3680 in
1408 3591 1620 3706 prelio¹¹).

218 3719 304 3801 llex
339 3736 480 3804 autem
514 3714 750 3826 victoria¹²)
784 3721 938 3826 potitus
981 3722 1171 3804 transiuit
1201 3722 1391 3831 Tysciam
1426 3719 1624 3824 congela-

215 3858 299 3925 tam
334 3846 374 3925 iu
410 3843 573 3927 Clrotoic
598 3838 648 3949 ¹³)
683 3859 724 3924 et
756 3843 970 3922 descendit
1002 3843 1042 3923 in
1078 3846 1191 3926 curia
1222 3845 1291 3954 fily
1323 3843 1442 3944 Petri,
1474 3840 1623 3948 ibique

216 3967 378 4048 audiuit
411 3969 589 4077 Geysam
624 3964 815 4045 olmiasse
850 3964 1037 4045 Ladislao
1070 3979 1109 4046 et
1143 3968 1281 4048 (lttoui
1311 3965 1488 4047 ducibus
1520 3990 1620 4044 cum

213 4089 350 4170 valida
383 4089 650 4172 multitudiue
685 4099 961 4193 pugnatorum
997 4087 1046 4166 ad
1082 4116 1126 4170 sc
1158 4081 1500 4194 veuieucium¹⁴).
1524 4083 1622 4195 Vyd

374 4293 398 4387 ²)
428 4297 606 4391 „Cumque
635 4335 681 4345 -
713 4292 853 4365 duccm“
885 4290 1073 4384 interponit
1091 4296 1169 4371 VP.
1193 4293 1219 4377 ²)
1243 4298 1284 4370 do
1303 4296 1429 4370 Petrur]
1450 4300 1484 4368 et
1502 4295 1622 4388 Bykes

214 4403 324 4483 fusius
352 4404 423 4478 VP.
453 4403 502 4478 Il.
532 4425 566 4496 p.
600 4399 761 4473 tao-1.
789 4390 816 4472 ³)
842 4397 962 4488 Geyse.
993 4395 1028 4470 S.
1060 4395 1088 4479 ⁴)
1112 4401 1281 4474 exercitus
1309 4400 1361 4475 sui
1391 4395 1418 4484 b)
1446 4398 1619 4494 Cothoyd.

214 4509 255 4584 de
284 4508 432 4603 Georgio
459 4507 569 4602 Nigro
598 4510 632 4578 et
660 4504 786 4577 Iuauca
813 4501 906 4573 sulus
938 4500 1016 4578 VP.
1048 4499 1074 4581 ὓ)
1103 4527 1209 4598 usque
1237 4505 1387 4594 Variam,
1416 4506 1492 4581 VP.
1522 4504 1618 4579 ultra

212 4612 363 4686 Variam.
393 4612 438 4688 A.
467 4616 509 4686 B.
541 4606 568 4692 ⁷)
595 4612 764 4683 cantatur.
796 4601 824 4682 ⁸)
854 4603 998 4678 uecelini
1031 4605 1067 4682 S.
1100 4603 1126 4690 ⁹)
1154 4615 1277 4684 autm.
1310 4606 1349 4688 ¹⁰)
1368 4609 1558 4684 adheserat
1579 4608 1619 4686 S.

214 4717 319 4791 codex
347 4716 402 4790 hic
430 4718 588 4791 lacunam
623 4713 737 4787 habet.
771 4705 812 4791 ¹¹)
830 4709 920 4783 bello
958 4710 1030 4782 siue
1069 4713 1189 4806 prelio,
1220 4715 1256 4788 S.
1291 4709 1332 4797 ¹¹)
1348 4737 1410 4787 rex
1437 4714 1619 4791 victoriam

213 4827 284 4917 pot.
313 4821 383 4896 VP.
418 4817 459 4904 ¹³)
486 4818 653 4913 Cothoyd.
683 4814 720 4890 S.
750 4813 919 4910 Thoroyd.
949 4814 1023 4890 VP.
1056 4812 1097 4897 ¹⁴)
1125 4816 1317 4893 venientem
1344 4819 1387 4893 B.
