3660 5506
840 341 996 441 -ret-

217 554 259 634 in
292 553 453 637 Christo
485 568 643 662 patrem
678 556 892 639 dominum
912 555 1149 638 Emcricurn
1184 556 1425 664 episcopum
1448 555 1623 662 Agrien·

217 704 317 779 sem,
359 703 408 758 ac
450 677 672 782 Georgium
713 679 848 765 Zudar
890 692 1193 786 consequenter
1234 679 1377 761 fratres
1419 704 1540 780 suos3
1584 691 1627 760 et

216 813 310 906 post
343 799 419 879 heo
452 798 686 881 Emericmn
720 801 884 903 Bebek3
927 828 976 882 ac
1017 814 1111 908 post
1152 829 1249 883 eum
1290 801 1530 883 iohannem
1573 801 1627 882 de

217 919 346 1028 Capol
379 922 428 1001 ad
464 922 690 1026 regendum
726 923 862 1030 ipsum
896 952 1068 1029 regumn
1103 923 1315 1032 vayuodas
1353 950 1428 1005 seu
1466 924 1628 1030 capita·

215 1070 316 1126 neos
350 1044 532 1150 prefecit.
566 1043 644 1139 Qui
680 1073 850 1151 regnum
887 1046 1117 1154 predictum
1152 1047 1258 1128 bene
1293 1060 1334 1126 et
1361 1045 1630 1128 laudabiliter

216 1165 499 1268 defensantes,
532 1167 610 1248 sub
644 1167 762 1248 titulo
796 1196 910 1250 sacre
944 1195 1094 1249 corone
1129 1183 1169 1249 et
1203 1167 1400 1274 regimine
1433 1167 1628 1250 eiusdem

215 1287 372 1369 domini
405 1289 509 1394 regis
542 1306 853 1372 conseruerunt.

252 1528 336 1622 (De
364 1529 570 1609 exercitu
596 1529 645 1609 in
672 1529 930 1610 subsidium
957 1529 1129 1610 domini
1155 1551 1276 1634 pepe
1304 1530 1429 1610 trine
1456 1530 1596 1632 vice.)

373 1743 470 1822 199.
512 1742 615 1823 Item
658 1744 709 1824 ad
753 1744 996 1825 instanciam
1041 1771 1330 1849 surnpmorum
1376 1744 1629 1851 pontificum

213 1864 491 1945 Romanorum
533 1865 786 1973 lnuocency,
821 1866 1001 1974 Gregory
1045 1881 1087 1946 et
1133 1865 1286 1947 Urbani
1331 1865 1463 1973 quinti
1500 1867 1630 1949 beate

214 1986 430 2086 memorie,
462 1986 595 2092 prima
628 1988 717 2067 vice
750 1987 966 2069 Nicolaum
999 1988 1131 2095 filium
1165 1987 1326 2088 Laclrk,
1361 1987 1429 2094 qui
1466 1989 1629 2073 multas

213 2109 413 2208 ciuitates,
447 2109 600 2216 oppida
633 2125 673 2190 et
705 2111 875 2191 castella
908 2111 957 2192 ad
983 2110 1270 2192 obedienciam
1297 2137 1412 2191 sacre
1431 2109 1629 2193 Romane

213 2230 387 2312 ecclesie
414 2231 590 2331 reduxit,
618 2259 666 2312 ac
691 2233 821 2312 eciam
841 2233 1089 2314 rebellantes
1108 2231 1379 2338 expugnauit,
1399 2232 1448 2311 ad
1471 2258 1628 2316 manus

212 2352 367 2433 domini
401 2351 529 2460 Egydi
564 2354 780 2435 cardinalis
813 2354 1038 2461 apostolice
1071 2354 1180 2435 sedis
1208 2355 1331 2459 legati
1356 2355 1623 2458 assignando.

212 2473 262 2554 Et
294 2486 388 2581 post
419 2502 515 2555 eum
549 2473 760 2556 Simonem
796 2477 924 2558 lilium
948 2474 1141 2584 Mauricy,
1177 2477 1247 2582 qui
1282 2476 1404 2556 nichil
1433 2477 1625 2582 profecit,

214 2617 255 2677 et
287 2610 456 2703 propter
489 2597 566 2677 hoc
599 2598 909 2706 displicenciam
930 2599 1040 2702 regie
1064 2597 1288 2678 maiestatis
1310 2598 1489 2680 incurrit.
1512 2596 1627 2681 Sub-

212 2731 436 2825 sequenter
468 2719 598 2799 eciam
634 2721 814 2801 euridem
847 2720 1013 2801 Petrum
1048 2722 1203 2801 benum
1237 2733 1423 2827 tempore
1461 2720 1623 2802 domini

213 2840 368 2922 Urbani
401 2867 509 2948 pape
543 2842 581 2921 in
617 2842 901 2923 detensionem
940 2842 1118 2924 ciuitatis
1162 2842 1432 2923 Bononiensis
1477 2854 1626 2924 contra

212 2963 500 3045 Barnabonem
535 2979 576 3044 et
607 2963 847 3045 Galeacium
883 2963 1418 3046 dominosMediolanenses
1442 2964 1623 3045 eandem

213 3086 423 3166 ciuitatem
458 3085 749 3192 impugnantes
788 3087 1031 3187 destinauit,
1081 3101 1122 3167 et
1161 3114 1258 3167 cum
1301 3086 1453 3166 honore
1492 3086 1622 3193 (alb)

211 3208 263 3287 ad
296 3236 469 3314 regnum
502 3206 713 3313 Hungarie
745 3209 958 3290 remeauit.

379 3429 463 3524 (De
493 3429 699 3509 exercitu
724 3430 773 3510 in
801 3429 1058 3510 subsidium
1087 3429 1219 3510 ‹iuois
1247 3429 1451 3511 Austris.

368 3643 467 3724 200.
504 3642 772 3724 Postmodum
801 3657 938 3724 autem
963 3643 1005 3724 in
1023 3644 1254 3726 subsidium
1274 3644 1432 3751 antiqui
1451 3644 1620 3726 Alberti

211 3765 328 3846 ducis
363 3765 526 3846 Austrie
560 3765 734 3846 Paulum
768 3764 897 3847 filium
933 3767 1069 3847 Lachk
1103 3767 1152 3848 ad
1197 3766 1467 3849 obsidendam
1514 3766 1620 3848 ciui-

211 3899 337 3968 tatem
371 3887 689 3992 'l'inegmensem
724 3914 820 3967 eum
856 3914 1003 3994 magno
1027 3890 1212 3970 exercitu
1229 3887 1465 3992 destinauit7
1485 3915 1618 3995 quam

210 4037 285 4117 per
317 4010 480 4114 longam
515 4009 772 4091 obsidionem
806 4011 995 4114 obtinuit
1029 4026 1071 4094 et
1091 4011 1272 4094 dominio
1291 4011 1477 4093 eiusdem
1496 4011 1619 4096 ducis

209 4132 459 4238 subiugauit.

497 4370 584 4470 (De
621 4371 826 4451 exercitu
862 4372 909 4450 in
940 4377 1115 4451 terrum
1150 4372 1336 4466 Boane.)

365 4585 465 4665 aot.
499 4585 601 4668 Item
635 4584 685 4663 ad
719 4595 868 4664 terram
902 4583 1038 4664 Boane
1081 4584 1267 4665 similiter
1311 4585 1418 4689 regie
1462 4611 1617 4668 corone

206 4707 449 4803 subiectam,
483 4705 536 4786 ad
568 4705 861 4791 conterendam
897 4705 1149 4812 proteruiam
1183 4707 1442 4812 quorundam
1478 4708 1615 4790 rebel·

205 4829 408 4937 lancium,
451 4827 717 4937 magnificum
759 4826 893 4912 virum
933 4826 1152 4910 Nicolaum
1199 4828 1340 4912 Konth
1382 4829 1617 4941 palatinum
