3592 5490
773 361 929 460 gar—

150 572 293 655 uerius
342 588 382 653 et
414 573 612 657 Ratoltlus
660 588 845 683 tempore
894 574 999 678 regis
1033 573 1275 657 Colomanni
1328 577 1379 656 de
1428 602 1552 681 regno

155 695 401 802 Apulorum.
448 695 629 777 Hermam
680 726 774 778 oum
825 701 964 805 regina
1013 697 1165 805 lieysla
1214 699 1405 801 imminit,
1452 700 1554 779 liber

155 818 280 898 lmmo
299 818 350 898 de
367 818 585 923 Nurnberg
601 819 827 901 hereditate
861 848 1030 928 pauper.
1054 821 1203 921 lluzarl,
1223 849 1294 900 rex
1316 821 1550 928 Stephanus

150 941 258 1021 filius
291 941 461 1021 secundi
496 941 593 1020 Bele
628 942 867 1023 introduxit.
900 944 1056 1024 Keleetl
1090 943 1142 1022 tle
1168 944 1359 1050 prosapia
1381 942 1553 1052 Meyssis

150 1063 299 1143 (liebus
343 1062 502 1170 Geytlre
536 1064 640 1166 regis
673 1064 742 1170 fily
784 1066 954 1146 seeuntli
988 1065 1081 1144 bele
1115 1065 1329 1146 deseendit
1364 1066 1403 1146 in
1450 1066 1553 1145 l‘an·
1656 1164 1657 1168 Ν

150 1185 315 1264 nomam
366 1213 460 1264 euru
512 1185 725 1293 ‹lextrarys
775 1187 859 1267 LX.
908 1186 1047 1268 Simon
1098 1202 1138 1266 et
1188 1187 1361 1269 llielrael
1409 1189 1554 1269 fratres

152 1325 337 1414 tempore
386 1305 553 1386 rludree
604 1308 706 1411 regis
754 1309 823 1418 fity
868 1309 965 1389 Bele
1007 1310 1113 1388 tertii
1157 1311 1461 1390 descenderunt
1504 1310 1555 1390 tle

153 1429 318 1536 Ispania
350 1457 445 1508 oum
480 1429 662 1510 secunda
704 1457 835 1511 uxore
883 1432 987 1536 regis
1037 1432 1201 1512 Andree
1251 1459 1332 1538 que
1381 1433 1457 1512 fuit
1505 1433 1556 1512 tle

154 1550 392 1658 Campania.

443 1827 666 1908 Introitus
698 1826 988 1908 diuersarum
1006 1829 1257 1909 notionum.

314 2041 377 2121 18.
416 2040 605 2120 Preterea
639 2041 897 2121 intrauerunt
930 2042 969 2121 in
1009 2040 1261 2146 Hungariam
1301 2043 1556 2149 temporibus

154 2161 314 2269 Geythe
349 2177 390 2242 et
421 2162 460 2247 S.
488 2161 686 2270 Stephani
722 2191 861 2267 regum
897 2164 1063 2243 bohemi
1098 2164 1244 2288 poloni
1270 2164 1376 2268 greti
1412 2165 1558 2272 yspani

152 2283 397 2391 ystnaltelite
431 2314 502 2365 seu
537 2286 740 2365 sarraceni
782 2287 887 2367 bessi
933 2287 1087 2368 armeni
1132 2287 1280 2391 taringi
1325 2287 1556 2368 misnenses
1674 2312 1679 2323 ·

155 2433 352 2486 renenses
387 2409 551 2487 eunmni
586 2407 712 2505 latini,
748 2434 922 2513 quornm
953 2409 1146 2489 naciones
1173 2430 1210 2488 et
1240 2409 1415 2512 origines
1444 2409 1556 2512 igno·

157 2543 316 2627 r·antnr3
359 2545 497 2610 tamen
532 2556 606 2635 per
638 2545 872 2610 contractus
907 2531 1152 2611 matrimonii
1188 2531 1443 2611 tmbilitatem
1480 2557 1552 2637 pa·

155 2651 250 2729 riter
282 2679 375 2730 eum
412 2652 557 2732 esteris
585 2667 683 2732 sunt
714 2652 937 2733 consecuti.
1300 2672 1302 2677 ·

374 2868 377 2876 Δ
452 2897 457 2904 ’
486 2907 629 2990 Gesta
656 2914 863 3014 tempore
891 2909 1053 2989 'l'oxun
1076 2908 1219 2990 (11111111.

313 3123 379 3202 19.
412 3122 617 3227 Hungaris
651 3123 790 3228 itaque
820 3122 859 3201 in
895 3122 1146 3202 Pannoniam
1181 3121 1444 3202 venientibus
1482 3149 1555 3227 per

153 3245 209 3324 Vl
236 3271 366 3326 annos
399 3271 511 3325 anna
546 3261 586 3324 et
613 3271 742 3350 etmos
776 3245 988 3324 meliorare
1022 3258 1233 3350 oeperunt.
1278 3249 1398 3322 Anno
1432 3243 1553 3324 Vll-o

153 3367 377 3446 llorauiam
414 3384 454 3445 et
487 3367 740 3468 llolrenriam,
774 3367 814 3446 in
854 3367 1005 3472 1,](11111111
1050 3388 1148 3446 tune
1200 3364 1423 3446 Vratislaus
1466 3359 1553 3445 (lux

152 3490 271 3583 rexit,
307 3489 527 3568 erurleliter
559 3489 851 3595 spoliauerunt..
891 3488 1049 3568 Exinde
1068 3487 1315 3569 Carintltiam
1353 3482 1554 3567 inuadunt

154 3612 363 3711 hostiliter,
400 3611 468 3690 nbi
503 3612 631 3691 (lures
664 3610 845 3690 Morauie
874 3627 915 3690 et
942 3609 1148 3691 Carintltie
1183 3608 1447 3711 interficiunt,
1481 3635 1553 3715 pa·

152 3734 326 3813 triamlra
363 3733 645 3840 Aquilegiensi
679 3733 876 3834 fugiente.
910 3733 1084 3839 lnsuper
1120 3730 1327 3811 Carintlria
1368 3732 1552 3838 spoliata,

151 3856 272 3937 simul
308 3884 402 3936 oum
438 3853 880 3962 (3111·(11111111(18111111,
916 3883 1009 3934 eum
1050 3884 1117 3934 ere
1159 3853 1315 3958 grauirli
1356 3866 1453 3934 sunt
1491 3880 1552 3932 re·

153 3979 274 4060 uersi.
308 3978 425 4073 Quod
461 4005 555 4059 omn
591 3977 812 4084 imperator
839 3976 1050 4056 (lonratlns
1084 3975 1307 4076 intellexit,
1345 3977 1552 4083 proiectus

154 4115 217 4181 est
248 4117 389 4180 cotnra
423 4100 648 4204 hartgaros3
675 4101 746 4181 sed
779 4126 801 4175 e
829 4099 965 4179 inedia
997 4099 1063 4178 via
1096 4112 1157 4179 est
1183 4112 1401 4179 reuocatus
1428 4099 1551 4178 intes·

154 4222 332 4304 tinorum
361 4221 562 4303 bellorum
582 4222 620 4301 in
652 4222 782 4302 Rotna
803 4221 1030 4306 occasione.

463 4495 677 4598 nungari
700 4494 948 4575 deuastant
972 4493 1258 4597 uulgarium.

314 4710 383 4790 20.
432 4709 677 4789 inuaserant
726 4709 894 4812 hungari
946 4708 1192 4812 Bnlgariam.
1248 4706 1461 4788 thesauros
1513 4720 1554 4785 et

156 4857 272 4919 anna
309 4831 625 4918 innumerabilia
668 4831 857 4940 capiunt,
897 4846 1029 4910 eastra
1068 4856 1235 4936 quoque
1283 4846 1324 4909 et
1354 4828 1552 4929 ciuitates
