3592 5490
176 106 317 201 Quem
370 141 440 193 rex
487 112 595 218 regio
645 114 784 194 latiore
828 114 1012 218 diligens,
1055 141 1201 195 seeum
1252 112 1437 219 ingressu
1481 112 1585 219 regis

162 232 308 316 ianua
345 236 504 341 absque
545 236 662 315 obice
697 234 771 316 sibi
816 237 995 341 patebat.
1044 235 1163 315 l'mro
1205 236 1305 317 dum
1349 263 1421 316 rex
1461 230 1584 342 una¹)

153 378 276 437 cum
322 356 462 463 regina
494 372 536 436 et
568 357 657 465 filys
700 357 784 439 suis
826 357 993 464 prefatis
1030 384 1138 438 anno
1172 358 1327 438 domini
1363 357 1583 440 millesimo

139 474 461 563 tricentesimo
503 478 635 582 XXX,
684 474 1034 586 deeinmquint.o²)
1085 480 1293 562 kalendas.
1343 479 1436 587 May
1484 480 1586 561 feria

131 601 308 689 tercia
340 615 434 709 post
465 617 655 683 oetauam
692 602 815 683 Pasce
851 603 888 681 in
924 602 1123 685 sulmrbio
1158 602 1276 684 castri
1307 601 1514 711 l'ysegrad
1543 603 1583 684 in

120 722 306 812 domo
332 751 409 807 sua
436 724 667 832 pranderet,
696 741 790 804 ante
820 725 923 829 regis
954 751 1138 805 mensam
1173 724 1278 804 elam
1312 725 1583 807 subintrando

111 838 290 942 idem
333 846 566 928 Felieianus
603 841 770 953 astitit³)
812 864 852 925 et
896 847 1113 953 eruginato
1156 846 1394 928 acutissimo
1435 846 1582 952 gladie,

101 964 546 1055 vehementissimo
584 968 754 1075 impetu,
798 995 910 1049 more
953 970 1065 1049 canis
1109 969 1250 1069 rabidi,
1295 968 1581 1051 immisericor-

93 1091 171 1178 d
194 1084 284 1171 iter
325 1118 462 1196 regem
505 1090 686 1196 reginam
732 1090 919 1198 filiosque
953 1091 1083 1173 voluit
1116 1091 1312 1196 iugulare.
1345 1089 1426 1173 Sed
1461 1091 1582 1172 mise·

93 1211 353 1296 ricordta
411 1213 684 1295 misericordis
733 1214 798 1294 dei
847 1212 1103 1319 prohibente,
1153 1213 1264 1319 qnod
1315 1212 1444 1297 voluit
1497 1240 1579 1294 non

81 1335 313 1439 potuit
347 1335 512 1418 effectui
546 1336 793 1442 mancipare.
831 1334 986 1415 'l'amen
1020 1337 1125 1440 regis
1160 1362 1328 1417 manum
1363 1335 1579 1416 dexteram

77 1452 367 1563 leniter&
411 1457 656 1539 uulnerauit.
700 1456 777 1538 Sed
829 1458 955 1563 proeli
999 1458 1125 1538 dolor.
1167 1454 1391 1566 pyssime⁵)
1440 1457 1579 1562 regine

69 1572 367 1686 dextre⁶)
401 1584 548 1663 manns
591 1593 768 1686 quatuor
800 1580 958 1685 digitos,
993 1607 1096 1687 quos
1131 1581 1219 1687 ipsa
1251 1580 1505 1686 pauperibus
1538 1592 1580 1660 et

64 1719 144 1773 ιη
159 1696 505 1785 isserabilibus
553 1715 679 1809 atque
723 1702 893 1784 abiectis
943 1702 1127 1809 personis
1176 1700 1491 1789 misericorditer
1538 1701 1576 1782 in

62 1814 429 1933 elemosynis
473 1824 738 1925 extemlebat,
774 1826 958 1932 protinus
1000 1824 1245 1931 airmutauit.
1279 1822 1383 1904 Cum
1427 1824 1579 1929 quibus

59 1940 310 2028 eciam
357 1946 491 2052 digitis
535 1945 908 2028 innumerabilibus
956 1947 1139 2054 ecelesys
1184 1960 1426 2057 paramenta
1467 1945 1580 2026 varia

60 2070 421 2167 consuebat,
447 2084 489 2150 et
510 2069 707 2150 altaribus
730 2070 1096 2175 sacerdotibusque
1130 2084 1371 2149 ornamenta
1403 2067 1453 2149 de
1485 2095 1578 2175 pre·
1608 2174 1611 2178 .

60 2176 298 2274 eiosis
332 2191 525 2299 purpuris
558 2191 873 2291 transmittebat,
911 2206 952 2271 et
993 2192 1142 2272 calices
1176 2186 1434 2296 indefesse⁷).
1470 2189 1575 2272 Cum

64 2304 311 2394 eciam
345 2340 496 2421 pueros
530 2308 701 2419 1·egios‘’)
737 2314 887 2394 ibidem
922 2329 1103 2396 astantes
1129 2314 1254 2394 vellet
1286 2312 1483 2414 oeeidere,
1504 2341 1575 2420 pe-

68 2416 323 2541 dagogi
358 2462 581 2542 puerorum
610 2436 801 2517 videlieet
835 2436 1026 2517 Nicolaus
1060 2436 1167 2518 lilius
1200 2430 1375 2543 Gyutob
1409 2435 1460 2515 de
1494 2433 1574 2514 Ke-

73 2564 236 2633 uos
252 2558 334 2659 ion,
353 2573 395 2638 et
410 2557 604 2641 Nicolaus
636 2558 744 2639 tilius
762 2558 964 2639 dola-umis
997 2558 1164 2664 palatini
1189 2585 1233 2638 se
1254 2556 1574 2664 interponentes,

82 2680 454 2761 madentibus
486 2682 625 2787 pueris
653 2680 889 2762 memoratis
922 2679 1154 2761 letaliteriu
1188 2679 1320 2785 eapite
1354 2679 1574 2759 vulneran-

86 2794 246 2879 tur.
277 2801 396 2883 Tune
412 2801 596 2883 doanues
619 2802 727 2883 lilius
750 2800 976 2883 Alexandri
998 2803 1049 2882 de
1073 2801 1272 2882 comitatu
1292 2796 1574 2907 potokeusi¹⁰)

91 2900 287 3036 boue
320 2923 468 3007 indolis
502 2924 663 3007 iuuenis
699 2924 949 3032 rieetlapiler
991 2924 1129 3029 regine
1163 2940 1262 3005 tuno
1303 2922 1499 3025 existens,
1533 2922 1573 3003 in

94 3049 316 3132 ¹Psu1n
358 3046 389 3127 F
392 3046 611 3130 elicianum
657 3046 775 3153 quasi
818 3047 858 3127 in
902 3065 1115 3128 cruentam
1158 3046 1331 3127 bestiam
1375 3044 1501 3149 irruit,
1535 3056 1575 3126 et

100 3170 276 3283 Qu]
311 3168 483 3251 bieeello
517 3169 621 3250 inter
659 3168 780 3278 (aaa)
814 3170 965 3249 collum
1001 3184 1041 3249 et
1073 3168 1286 3274 scapulam
1328 3168 1485 3249 fortiter
1515 3169 1574 3248 fe·

99 3290 321 3372 nendo
354 3291 569 3391 transfixit,
604 3308 644 3373 et
676 3292 726 3371 ad
762 3311 910 3372 terram
945 3291 1104 3371 deiecit.
1141 3290 1248 3370 Hine
1281 3307 1322 3371 et
1353 3290 1448 3370 inde
1482 3317 1574 3397 pos·

103 3398 221 3482 tea
269 3413 514 3519 gladiatores
543 3414 691 3497 milites
725 3416 828 3519 regis
861 3414 1004 3520 gladys
1038 3413 1286 3493 terribilibus
1314 3413 1574 3513 membratim

105 3520 375 3617 miserum
409 3536 622 3640 lanianteS,
641 3536 758 3645 quasi
792 3536 1002 3643 quoddam
1037 3550 1265 3617 monstrum
1299 3536 1442 3642 gladys
1477 3536 1574 3615 effe·

106 3646 334 3739 Cel-mit,
369 3656 505 3766 Caput
541 3660 727 3741 eiusdem
772 3659 931 3738 lindam
974 3656 1157 3758 mittitur,
1193 3684 1340 3738 manus
1373 3671 1414 3737 et
1445 3657 1575 3764 pedes

107 3754 267 3867 alys
307 3780 545 3862 ciuitatibus
593 3782 862 3862 destimmtm·.
911 3780 1098 3884 llenique
1141 3778 1247 3859 lilius
1291 3779 1379 3862 eius
1428 3779 1576 3860 uniens

108 3948 385 3997 χ...-

112 4134 137 4175 ,.
334 4074 360 4159 ¹)
383 4100 449 4150 om.
479 4076 525 4151 A.
549 4072 575 4155 ²)
600 4074 858 4169 quintodecimo.
888 4072 1204 4166 a³tang1lun
1231 4073 1396 4167 gladium.
1430 4073 1507 4147 add.
1539 4075 1575 4146 S.

113 4148 154 4279 a).
199 4166 362 4283 leuiter.
385 4176 413 4265 5’)
440 4180 665 4255 sanctissime.
696 4180 736 4253 ,t
766 4182 801 4253 S.
830 4179 970 4253 omittit.
993 4178 1037 4253 V.
1062 4176 1087 4257 υ’)
1111 4200 1176 4252 om.
1206 4178 1250 4252 A.
1274 4173 1299 4257 't
1325 4176 1515 4251 indefense.
1537 4181 1573 4253 S.

136 4284 157 4329 ¹
199 4288 336 4379 igitur
365 4284 477 4383 regios
507 4308 641 4380 pueros.
674 4286 717 4361 A.
749 4280 776 4365 ⁰)
802 4286 921 4379 Gynla
949 4284 989 4357 de
1023 4281 1202 4357 lienesioh.
1240 4279 1278 4365 ¹⁰)
1294 4282 1501 4379 potokiensi.
1534 4285 1573 4358 B.

115 4370 389 4469 P0thokonst.
423 4392 459 4468 S.

1441 4525 1474 4583 16
