3592 5490
786 350 941 452 33-

165 594 258 648 nem
294 567 345 648 de
372 567 488 651 terris
513 568 574 651 eis
601 594 675 675 per
697 596 831 673 regem
861 568 1056 650 restitutis
1076 568 1333 649 ‹ilienderent
1349 595 1423 674 pro
1441 567 1572 649 fideli·

162 704 246 771 tate
264 690 370 796 regis
387 690 454 771 vel
473 691 677 798 punirent.
695 690 775 771 Sed
795 704 931 770 tamen
954 704 1096 796 postea
1122 690 1197 798 ipsi
1222 691 1371 771 milites
1391 705 1571 797 potesta·

164 826 227 895 tes
245 825 287 893 et
304 812 482 919 potiores
502 827 701 892 terrarum
723 813 902 919 ipsarum
916 812 1149 920 specialiter
1161 840 1258 894 vero
1270 813 1321 893 de
1335 811 1571 918 Concglano

164 934 510 1041 decapitauernut
528 949 569 1015 et
585 934 908 1033 trucidauerunt,
928 936 1157 1016 iuramento
1177 962 1318 1016 eorum
1338 935 1504 1035 violate,
1523 962 1571 1017 ac

166 1057 275 1137 bona
294 1057 521 1138 eorundem
540 1056 872 1138 ‹uiriliscauerunt
890 1057 928 1136 in
954 1056 1264 1162 displicentiam
1289 1057 1396 1162 regie.
1424 1059 1570 1138 nnties·

165 1178 272 1259 tatis.
308 1178 497 1260 Preterea
529 1180 703 1259 durante
736 1207 881 1283 guerra
916 1180 1108 1259 intereos
1126 1179 1397 1260 etdominum
1418 1207 1568 1284 regem,

164 1300 317 1382 ducem
352 1328 494 1383 eorum
530 1300 697 1381 nomine
724 1300 926 1382 Marinum
947 1301 984 1381 in
1020 1302 1178 1408 palacio
1212 1300 1568 1409 ducaliVeneoyS,

166 1450 261 1503 cnm
298 1421 485 1529 pluribus
517 1423 602 1504 suis
636 1422 874 1530 crmsiliarys
897 1423 947 1503 de
972 1423 1195 1504 adlresione
1214 1422 1318 1528 regis
1353 1422 1568 1530 inculpan-

166 1560 240 1645 tes‚
273 1545 595 1651 suspemlerunt,
629 1559 670 1624 et
702 1546 971 1653 ‹putmplures
1014 1545 1143 1627 eciam
1177 1544 1412 1626 Teruisiuos
1445 1572 1568 1653 prop·

166 1682 228 1750 ter
258 1666 538 1774 suspicionem
573 1667 878 1769 iuterfecerunt,
914 1682 953 1747 et
988 1668 1025 1749 in
1062 1667 1232 1748 exilium
1268 1668 1569 1772 effugauerunt.

165 1788 260 1871 Post
292 1789 599 1872 restitucirmem
635 1803 773 1870 autem
820 1789 1000 1896 ipsarum
1046 1804 1258 1893 terrarum,
1293 1789 1438 1871 ciuitas
1470 1789 1568 1870 Ter·

165 1911 299 1993 uisina
347 1911 516 1993 demum
567 1940 639 2018 per
679 1924 875 1994 tractatus
917 1914 966 1991 ad
1014 1940 1162 1993 uranus
1210 1910 1407 2017 Leopoldi
1451 1912 1569 1993 ducis

165 2032 332 2116 Austrie
365 2034 525 2139 cognati
560 2034 744 2115 eiusdem
781 2034 951 2138 regisse
975 2034 1149 2115 reddidit
1172 2048 1213 2113 et
1235 2034 1422 2115 subiecit.
1442 2033 1569 2116 Cuius

165 2155 394 2238 dominium
430 2157 517 2262 ipse
551 2156 637 2237 dux
672 2156 1001 2263 apprehendens,
1026 2185 1099 2263 per
1132 2170 1243 2236 certa
1276 2170 1463 2262 tempora
1495 2157 1568 2238 ob·

165 2276 346 2380 fluendo,
381 2278 547 2358 tandem
582 2278 769 2359 similiter
802 2306 874 2385 per
906 2292 1103 2360 tractatus
1140 2278 1355 2359 Praucisco
1390 2278 1441 2357 de
1470 2277 1569 2359 Car-

164 2400 269 2481 raria
301 2400 467 2480 domino
490 2400 685 2481 Paduauo
718 2400 943 2505 assignauit
975 2403 1053 2483 sub
1087 2399 1207 2480 certis
1240 2398 1383 2507 pactis,
1401 2412 1566 2506 gentem

163 2549 283 2605 suam
316 2524 367 2603 de
401 2522 545 2603 eadem
582 2523 828 2603 reuocando.
863 2522 1031 2629 [Pagina
1064 2523 1188 2630 (alit)
1224 2524 1384 2629 vacua]

448 2814 535 2908 (De
563 2816 770 2895 exercitu
797 2822 960 2895 eontra
986 2814 1287 2918 Lythuanos.)

325 3024 424 3108 197.
459 3028 579 3135 (ata)
623 3028 816 3110 Ceterum
862 3044 1004 3109 contra
1047 3029 1281 3135 lytlruanos,
1325 3026 1565 3129 christianis

163 3166 206 3230 et
238 3149 421 3230 manime
457 3177 579 3256 regno
613 3178 687 3232 suo
714 3151 861 3233 lluseie,
896 3151 1150 3251 insultantes,
1171 3149 1437 3257 pcrsrmaliter
1470 3177 1565 3229 cum

164 3271 352 3353 exercitu
384 3272 561 3379 proprio,
595 3292 638 3353 et
669 3273 819 3353 milicia
861 3301 936 3354 sua
979 3273 1153 3378 propria,
1187 3298 1347 3352 necnon
1392 3271 1566 3353 aliarum

162 3393 385 3476 nacionum
419 3395 471 3475 ad
505 3424 601 3476 eum
636 3395 939 3475 continenciam
975 3394 1250 3500 proficiscens,
1274 3393 1389 3474 terris
1423 3419 1565 3473 eorum

162 3544 238 3599 seu
272 3517 425 3600 tenutis
458 3517 497 3597 iu
535 3544 683 3620 magna
714 3533 829 3624 parto
859 3517 1220 3616 deuastatisduce
1255 3542 1398 3597 eorum
1431 3530 1566 3623 capto,

162 3638 234 3720 sed
268 3637 346 3720 sibi
380 3639 421 3719 in
463 3638 688 3720 continenti
731 3639 1044 3747 promissionem
1080 3639 1130 3719 de
1165 3638 1360 3719 fidelitate
1394 3651 1435 3718 ct
1468 3638 1565 3719 obe·

162 3760 325 3841 dienoia
367 3760 544 3842 faciente
587 3761 770 3863 liberato,
803 3761 977 3842 feliciter
1018 3763 1069 3841 ad
1116 3760 1365 3866 Hungariam
1409 3774 1472 3841 est
1504 3787 1566 3840 re-

162 3910 322 3965 uersus.

523 4122 608 4219 (De
636 4124 843 4204 exercitu
870 4122 932 4204 ad
958 4122 1209 4223 Runolam.)

324 4336 421 4418 198.
455 4337 602 4418 Postea
634 4365 719 4417 una
752 4337 841 4418 viee
874 4366 968 4418 cum
989 4336 1125 4417 valida
1157 4348 1278 4442 geute
1312 4361 1387 4416 sua
1419 4347 1461 4415 et
1493 4360 1567 4415 ex-

161 4474 306 4540 tranea
339 4459 389 4541 ad
425 4486 595 4565 regnum
642 4458 790 4541 Ruscie
833 4487 947 4540 sacre
991 4485 1141 4538 corone
1185 4457 1396 4561 Hungarie
1428 4455 1567 4538 subie-

162 4598 291 4684 ctum,
325 4608 398 4689 pro
431 4582 670 4664 defensione
705 4582 890 4663 eiusdem
932 4580 1042 4686 regui
1078 4598 1220 4661 ‹etmtra
1252 4580 1473 4687 lythuanos
1506 4594 1569 4662 est

161 4704 385 4813 profectus.
421 4704 473 4785 Et
504 4704 653 4809 fugatis
687 4704 885 4807 hostibus,
919 4732 967 4785 ac
1000 4706 1129 4784 tietus
1162 4702 1343 4803 victoria,
1378 4717 1567 4810 potentes

109 4878 116 4893 ·
162 4825 284 4931 vitoe,
319 4826 497 4911 eundem
533 4826 698 4911 Petrum
734 4828 887 4912 barrum
922 4826 1068 4941 primo,
1091 4852 1252 4909 necnon
1286 4823 1568 4909 venerabilem
