3592 5490
806 380 963 482 *age—

185 596 322 681 reuuit
353 611 395 680 et
426 597 594 680 intrauit
625 596 902 704 Hungariam,
953 610 994 679 et
1026 597 1065 679 in
1100 595 1276 679 Menfew
1308 596 1426 678 iuxta
1456 594 1600 679 dauri·

186 751 286 804 num
321 722 357 802 ei
391 747 463 801 rex
508 722 684 802 occurrit
725 749 819 802 cum
855 747 1007 826 magua
1039 720 1304 803 multitudine
1337 733 1597 801 armatorum

185 844 358 927 nimium
395 870 638 951 presumens
668 843 719 923 de
752 842 933 923 victoria.
968 843 1056 923 Rex
1093 869 1274 950 namque
1292 842 1436 924 Petrus
1454 842 1599 923 adhuc

184 966 288 1050 fidos
320 966 501 1048 habebat
532 966 572 1046 in
607 965 840 1070 Hungaria,
889 978 930 1045 et
961 966 1002 1045 in
1036 967 1128 1047 Abe
1161 965 1370 1064 exercitu,
1413 965 1486 1072 qui
1523 993 1598 1046 ve-

184 1089 333 1170 xillum
372 1085 464 1169 Abe
506 1088 548 1169 in
589 1102 739 1169 terram
783 1102 1058 1195 prostrarunt,
1103 1088 1283 1194 alioquin
1329 1089 1420 1169 Aba
1461 1087 1598 1168 victor

185 1211 401 1294 extitisset.
435 1209 664 1292 Commisso
698 1210 820 1315 igitur
851 1211 979 1318 prelio
1013 1210 1206 1316 utrinque
1249 1210 1321 1290 diu
1361 1223 1402 1290 et
1443 1211 1598 1290 acriter

185 1347 414 1443 pugnatum
433 1347 506 1434 est,
541 1346 582 1414 et
600 1359 715 1415 cesar
731 1333 868 1415 vincit.
908 1334 1041 1414 Abarn
1074 1334 1300 1438 fugientem
1327 1358 1472 1414 versus
1502 1332 1595 1414 Tis-

186 1458 291 1538 ciam
325 1455 499 1562 hungari
531 1456 571 1536 iu
605 1456 702 1537 villa
734 1454 894 1537 Seoobe
927 1456 1126 1560 iugulant.
1169 1454 1295 1537 Cesar
1326 1454 1474 1559 gratias
1510 1455 1597 1560 egit

185 1581 264 1660 deo
297 1578 507 1660 humiliter
539 1590 579 1658 et
611 1578 762 1659 deuote
789 1594 884 1660 ante
928 1604 1092 1659 crucem
1137 1590 1345 1679 sanctam,
1393 1577 1595 1683 eoquod

183 1702 252 1786 illo
287 1701 352 1781 die
385 1701 438 1782 ab
482 1701 675 1806 hungaris
719 1717 828 1783 esset
870 1701 1000 1781 victor
1042 1716 1219 1808 ereptus.
1264 1699 1327 1779 Ex
1369 1699 1596 1781 teutonicis

183 1823 344 1908 infinita
392 1823 544 1905 corruit
591 1823 834 1922 multitude,
883 1823 939 1903 ita
987 1824 1096 1930 quod
1147 1823 1256 1903 idem
1299 1823 1414 1903 locus
1454 1849 1596 1929 usque

185 1947 307 2028 hodie
349 1946 391 2027 iu
424 1946 563 2051 lingua
597 1971 738 2027 eorum
781 1945 977 2026 ferlorum
1026 1973 1172 2055 payer·;
1220 1944 1445 2049 hungarica
1493 1971 1596 2025 vero

187 2069 328 2175 lingua
360 2068 623 2176 uestuepreti
657 2068 904 2149 nominatur.
936 2067 988 2148 Et
1020 2068 1229 2149 maximus
1263 2079 1349 2146 erat
1380 2066 1487 2146 fetor
1513 2081 1595 2148 etc.

185 2192 347 2273 luterea
380 2190 553 2296 hungari
587 2191 819 2295 congregati
852 2190 1062 2297 supplices
1094 2202 1299 2271 venerunt
1330 2188 1381 2269 ad
1403 2215 1595 2271 cesarem

184 2315 348 2397 veniam
383 2331 425 2394 et
456 2312 780 2395 misericordiam
811 2313 1099 2419 implorantes,
1143 2339 1246 2421 quos
1280 2336 1395 2393 cesar
1427 2311 1595 2418 placide

183 2437 362 2543 recepit,
411 2454 452 2515 et
493 2435 686 2543 peticioni
730 2461 872 2515 eorum
915 2436 1071 2517 annuit.
1119 2435 1305 2542 Indeque
1346 2461 1441 2514 eum
1477 2434 1595 2514 oruui

185 2558 449 2640 multitudiue
489 2584 564 2640 sua
606 2558 756 2639 Albam
798 2556 930 2657 venit,
979 2559 1051 2640 ubi
1093 2559 1145 2639 ab
1187 2557 1381 2661 hungaris
1424 2582 1594 2638 summo

186 2681 342 2762 honore
376 2680 586 2787 accipitur.
621 2679 672 2760 Et
703 2680 866 2760 Petrum
903 2707 1039 2785 regem
1067 2681 1278 2761 vieeuersa
1297 2679 1420 2782 regali
1440 2706 1602 2759 corone·

187 2804 423 2885 restitutum
458 2803 496 2882 in
531 2802 679 2882 tlrrono
712 2802 836 2906 regali
870 2800 910 2880 iu
945 2803 1120 2885 eeclesia
1148 2803 1299 2885 ibidem
1319 2801 1593 2903 sederefecit,

188 2926 329 3033 ibique
362 2925 498 3031 ipsum
533 2953 628 3005 cum
663 2924 856 3029 hungaris
891 2926 1183 3026 reconciliauit,
1218 2940 1259 3005 et
1291 2948 1339 3003 eo
1372 2924 1516 3004 relicto
1551 2924 1594 3003 in

185 3048 400 3153 Hungaria
432 3075 526 3128 cum
562 3047 832 3154 prosperitate
866 3045 1129 3155 Ratispouam
1164 3048 1292 3155 redyt.

344 3170 412 3251 33.
448 3168 650 3274 Sequenti
684 3194 793 3248 anno
825 3195 1017 3252 reuersus
1050 3185 1110 3252 est
1129 3169 1301 3251 cesaria
1320 3168 1593 3272 Hungariam,

186 3292 250 3372 cui
284 3318 359 3373 rex
391 3291 535 3373 Petrus
568 3317 740 3395 regnum
774 3289 951 3395 Vngarie
985 3320 1080 3374 cum
1114 3292 1310 3373 deaurata
1344 3292 1489 3372 lancea
1509 3303 1593 3371 tra·

185 3414 306 3514 didit,
348 3439 485 3494 eoram
518 3413 712 3518 hungaris
746 3424 788 3495 et
818 3415 1059 3515 teutonicis3
1102 3413 1241 3496 multis
1275 3414 1404 3495 eciam
1440 3439 1593 3494 mune·

184 3536 297 3618 ribus
332 3536 481 3617 habitis
513 3537 631 3644 redyt
663 3535 713 3616 ad
748 3536 922 3642 propria.

342 3659 412 3745 34.
446 3658 606 3740 Interea
639 3657 788 3741 Endre.
825 3657 923 3741 Bela
956 3672 997 3739 et
1028 3659 1212 3739 Leucate
1244 3659 1388 3740 tratres
1422 3685 1475 3737 ex
1511 3658 1593 3738 Bo-

185 3780 325 3862 hemia
355 3781 551 3884 sugerunt
582 3781 623 3860 in
661 3779 884 3862 Poloniarn.
916 3781 978 3861 lbi
1011 3780 1109 3862 Bela
1152 3782 1255 3863 duos
1299 3780 1441 3885 genuit
1484 3779 1593 3861 lilios

185 3903 366 4011 Geysam
401 3915 442 3983 et
472 3902 723 3989 Ladislaum.
758 3902 895 3983 Endre
928 3918 1068 3984 autem
1102 3918 1142 3983 et
1167 3904 1352 3985 Leueute
1386 3914 1594 4005 vagarunt

184 4025 226 4106 in
260 4025 444 4106 diuersas
477 4025 676 4129 regiones
719 4025 820 4106 Bela
861 4025 902 4105 in
947 4025 1112 4107 Polonia
1149 4040 1355 4108 manente.
1405 4022 1458 4104 Hi
1509 4037 1594 4107 tres

185 4148 329 4229 fratres
364 4161 479 4227 erant
507 4147 558 4227 de
592 4147 786 4254 progenie
820 4148 952 4228 sancti
984 4146 1202 4255 Stephani,
1245 4162 1287 4227 et
1326 4147 1385 4229 eis
1419 4146 1593 4254 quidam

185 4283 398 4373 magnates
422 4268 632 4374 Hungarie
665 4269 788 4350 fidem
812 4270 1098 4350 intemeratam
1120 4282 1349 4366 seruarunt,
1374 4270 1596 4376 cupientes

185 4392 325 4473 videre
355 4392 477 4493 diem,
518 4417 601 4499 quo
639 4392 786 4473 fratres
823 4390 993 4499 predicti
1035 4392 1074 4473 iu
1120 4392 1372 4498 Hungariam
1417 4391 1596 4472 reduce·

186 4526 338 4596 rentur.
365 4513 511 4595 Petrus
538 4540 634 4595 vero
667 4541 740 4594 rex
772 4514 1055 4622 tyrannisabat
1096 4515 1134 4594 in
1178 4513 1409 4618 Hungaria,
1454 4526 1497 4594 et
1533 4513 1596 4594 in·

183 4635 376 4741 telligens
407 4636 720 4740 magistratuum
755 4663 851 4741 erga
883 4651 964 4717 tres
991 4637 1135 4718 tratres
1165 4637 1303 4738 tidem,
1333 4637 1470 4717 furore
1498 4662 1596 4717 suc·

189 4785 339 4841 census
386 4758 484 4839 fecit
524 4785 595 4839 eos
644 4758 961 4865 comprehendi,
1013 4772 1054 4838 et
1096 4759 1135 4839 in
1181 4758 1325 4839 eculeo
1365 4784 1597 4865 suspensos

189 4878 382 4983 interfici,
420 4880 620 4988 quosdam
654 4892 792 4961 autem
820 4880 955 4963 effosis
989 4880 1120 4962 oculis
1153 4867 1411 4984 tormentari,
1460 4891 1595 4962 totam
