3660 5506
839 367 994 470 *ιβ-ι-

161 573 538 664 famosissimum
585 610 632 664 ac
669 585 1016 690 potentissimum,
1060 610 1140 664 nou
1184 583 1291 689 gazis
1334 609 1382 662 ac
1423 579 1618 688 preciosis

158 705 485 808 vestimentis,
504 707 680 812 gemmis
702 721 744 786 et
765 708 971 813 preciosis,
995 705 1220 813 splendidis
1248 704 1473 810 margaritis
1499 703 1617 784 ador·

152 824 330 927 uatis,
365 854 466 908 aruo
500 845 541 909 et
572 842 740 933 argento
774 830 953 937 desuper
984 831 1206 928 contextis,
1228 828 1301 910 sed
1335 826 1481 933 spiritu
1512 826 1617 907 viui·
1696 887 1698 892 >

143 935 331 1029 ficato
366 950 582 1056 spoliando
615 952 868 1054 subtraxisti,
903 966 944 1032 et
975 952 1103 1058 ipsius
1140 950 1408 1058 splendentes
1440 947 1617 1030 honores

135 1055 195 1136 in
296 1071 499 1152 nichilum
544 1075 584 1154 iu
626 1089 774 1154 terram
819 1074 1028 1156 humando
1072 1072 1341 1155 obumbrasti.
1382 1069 1616 1151 Nouissime

129 1202 311 1272 vem,
353 1194 542 1276 videntes
586 1196 721 1301 ipsum
768 1197 971 1300 regnicole
1014 1223 1104 1278 esse
1149 1196 1262 1303 pium
1304 1219 1354 1273 ac
1387 1191 1616 1273 exaltatum

119 1298 319 1395 sient
362 1317 532 1398 cedrum
574 1317 732 1416 Libani,
771 1318 1080 1401 transeuntibus
1125 1333 1166 1397 et
1206 1315 1476 1424 querentibus
1518 1340 1614 1396 eum

111 1428 301 1516 suis
329 1440 558 1542 regnicolis,
577 1454 617 1519 et
651 1467 748 1520 ecce
781 1470 862 1521 nou
898 1439 1277 1547 e1·at.Quapropter
1309 1451 1428 1521 tuum
1461 1437 1614 1542 grande

106 1540 365 1640 facetum
401 1562 659 1669 nepharium,
684 1564 877 1645 oumibus
911 1590 1073 1644 revera
1105 1561 1380 1644 dilectissimis
1414 1559 1614 1640 catholice

103 1662 212 1750 fid
230 1683 307 1761 ei
338 1684 578 1783 cultoribus,
615 1685 764 1790 pariter
796 1685 980 1765 fidelitati
1022 1686 1261 1765 semitarum
1307 1682 1613 1784 adherentibus

99 1789 172 1895 pi
190 1823 259 1880 u
283 1832 324 1882 m
360 1821 405 1884 ut
439 1806 574 1912 ipsum
609 1807 822 1886 domiuum
853 1807 1048 1889 llarolum
1078 1820 1264 1914 oporteat
1290 1805 1399 1907 flere,
1418 1818 1458 1883 et
1486 1803 1613 1911 ipsius

96 1913 368 2007 obitum
406 1928 530 2034 proch
575 1929 691 2008 dolor
735 1929 1053 2009 lamentabiliter
1095 1929 1326 2010 condolere.
1364 1926 1398 2008 Ο
1433 1938 1613 2033 quantus

96 2032 341 2148 fletus,
361 2062 517 2156 quauta
551 2051 732 2131 lamenta
767 2051 1016 2158 prelatmum
1050 2078 1266 2157 procerum
1302 2051 1505 2131 baronum
1538 2074 1612 2128 uo·

98 2159 253 2246 bili
275 2198 353 2250 um
389 2172 593 2274 virgiuum
634 2174 907 2274 (loruiuarum,
943 2188 984 2252 et
1016 2173 1200 2255 cuiusuis
1233 2183 1364 2255 status
1397 2186 1438 2251 et
1471 2170 1612 2250 condi·

100 2279 337 2373 <tionis
372 2292 600 2395 luunimuu,
633 2295 950 2401 specialiterque
984 2295 1150 2375 domiue
1194 2293 1403 2376 Elizabeth
1436 2292 1612 2377 serenis·

103 2399 313 2493 silue
354 2416 505 2519 regine,
540 2417 749 2498 eruissime
793 2419 992 2498 consortis
1034 2418 1234 2519 eiusdem,
1270 2433 1310 2496 et
1342 2414 1498 2496 domiui
1531 2415 1611 2495 Lu·

107 2522 345 2616 doute}
388 2566 499 2618 nuuc
541 2539 662 2642 regis,
705 2567 753 2619 ac
795 2538 992 2646 Stephani
1036 2539 1172 2641 ducis,
1214 2539 1391 2620 filiorum
1440 2563 1612 2620 suorum

112 2641 392 2751 ploratus
435 2661 612 2741 eiulatus
647 2675 688 2740 et
725 2662 906 2743 ululatus
950 2662 1147 2769 prorupit,
1180 2662 1220 2741 iu
1263 2661 1373 2741 diem
1416 2660 1611 2741 decessus

118 2760 294 2856 eius
331 2781 681 2863 ministraruntO
716 2785 808 2889 quis
841 2784 1141 2865 considerasset
1174 2799 1214 2862 et
1247 2782 1505 2865 considerare
1537 2807 1610 2861 an·

122 2901 239 2968 1⁰²1·
310 2905 623 3008 premeditamlo
656 2905 879 3007 debuisset,
910 2906 1018 3012 <iered
1054 2919 1137 2986 tam
1172 2904 1379 2985 ineffabile
1412 2903 1608 3008 gaudium

130 3014 187 3083 et
255 3016 462 3107 hilaritas
495 3027 635 3108 vultus
667 3027 927 3110 serenissime
961 3028 1127 3108 domiue
1161 3027 1311 3132 regine,
1345 3038 1430 3106 tam
1464 3025 1609 3107 crude·

133 3126 296 3219 liter
329 3148 551 3254 asperitate
595 3148 856 3231 lacrimarum
897 3150 956 3231 sic
999 3146 1120 3255 iam¹)
1164 3162 1358 3250 mutatus,
1393 3156 1435 3228 et
1464 3148 1608 3230 riualis

140 3268 412 3370 gurgitum
448 3272 496 3350 ad
533 3271 658 3351 instar
690 3298 892 3378 aquarum
926 3273 978 3352 ab
1011 3273 1141 3354 oculis
1175 3269 1359 3353 eiusdem
1390 3296 1524 3376 usque
1556 3270 1605 3349 ael

143 3381 353 3470 tel'vam
400 3418 424 3470 a
468 3407 652 3499 tempore
696 3394 832 3476 obitus
876 3394 1004 3500 ipsius
1053 3395 1306 3476 incessanter
1348 3392 1608 3473 currentibus

147 3487 480 3622 humefactus,
499 3542 547 3595 ac
581 3516 772 3620 organica
799 3542 880 3597 vox
915 3516 1104 3598 clamoris
1138 3529 1179 3597 et
1210 3515 1387 3620 gemitus
1411 3515 1605 3597 eiusdem

151 3618 297 3711 'tem
321 3662 491 3717 suorum
527 3638 826 3740 regnicolarum
860 3639 911 3718 ad
929 3639 1039 3719 orbis
1060 3639 1136 3718 celi
1169 3638 1480 3744 sumpmitatem
1513 3663 1607 3743 per-

155 3753 426 3858 ueniendo,
461 3758 612 3860 ethera,
647 3761 765 3865 quasi
809 3761 944 3840 eidem
987 3761 1296 3866 compacieudo,
1330 3760 1413 3839 imo
1450 3758 1510 3840 sol
1543 3758 1607 3840 sui

156 3868 346 3958 ‘list-imi
383 3880 529 3961 coloris
563 3881 696 3960 radios
730 3883 954 3988 plurimum
990 3882 1207 3963 videbatur
1239 3882 1468 3964 obfuscare.
1498 3879 1607 3961 Tau·

159 3969 386 4108 (lsslnque
421 4002 488 4090 uie,
519 4004 709 4109 sequenti
744 4005 796 4084 ob
829 4015 1074 4109 preceptum
1118 4004 1225 4084 dicte
1269 4002 1435 4084 domine
1467 4002 1607 4108 regine

160 4109 523 4232 archiepiscopis
556 4125 760 4231 episcopis
792 4125 960 4232 prelatis
1001 4125 1225 4208 baronibus
1257 4124 1494 4232 presbiteris
1525 4125 1606 4204 fra-

162 4224 334 4324 lslbus
367 4245 538 4345 clericis,
568 4248 761 4330 erunibus
796 4248 917 4355 (oca)
951 4247 1075 4329 simul
1110 4245 1455 4329 conuenientibus
1489 4246 1606 4327 lacri-

168 4354 410 4446 mabifitffl·
458 4369 694 4473 processiue
748 4369 1042 4477 pergentibus,
1092 4397 1269 4476 quorum
1318 4369 1605 4476 preexcelleus

176 4475 426 4568 multitudo
458 4488 720 4571 lacrimarum
743 4505 788 4572 ut
808 4493 965 4572 dictum
999 4508 1062 4572 est
1094 4493 1354 4593 amarificata,
1373 4490 1425 4570 ad
1446 4490 1604 4572 dictum

187 4608 381 4688 castrum
426 4610 628 4693 adeuntes
672 4626 713 4693 et
754 4613 1102 4720 preciosissimum
1151 4630 1277 4721 caput
1316 4612 1445 4720 ipsius
1486 4612 1605 4694 iuxta

205 4775 408 4804 ΝΜ,

361 4862 385 4950 ¹)
410 4869 522 4945 etiam.
