3660 5506
889 262 931 331 28

831 354 988 366 m

209 477 319 560 cium
359 474 528 558 nomine
573 476 703 559 Kusid
717 473 758 587 ¹),
792 494 838 560 ut
870 480 944 561 iret
977 493 1017 561 et
1053 493 1180 562 tetam
1216 493 1362 562 terram
1397 481 1620 590 conspice·-

210 597 332 708 r·et²).
373 599 564 706 Cumque
608 596 743 707 er·go³)
791 602 917 685 h'nsid
964 605 1145 687 venisset
1186 605 1224 684 in
1268 604 1450 685 medinm
1493 604 1619 687 Hun-

209 725 331 831 garie,
375 736 416 804 11
455 722 564 802 eirca
605 737 740 830 partes
782 722 960 834 Danuby
1004 727 1297 829 descendisset,
1331 727 1431 808 vidit
1471 727 1617 808 locum

209 874 419 946 amenum,
453 871 501 925 ac
543 845 869 953 circumquaque
913 861 1060 930 terram
1107 846 1258 931 bonam
1302 843 1384 956 et⁴)
1420 850 1618 950 fertilem,

209 969 384 1055 fluuium
424 968 580 1049 bonurn
625 964 713 1075 ac⁵)
758 984 982 1075 pratcsrnn,
1015 972 1172 1080 placuit
1212 973 1259 1052 ei.
1297 970 1456 1052 Deinde
1497 972 1619 1053 venit

210 1093 260 1178 ud
295 1093 443 1175 ducem
479 1091 692 1199 prouincie
725 1093 795 1198 qui
840 1096 1038 1199 regnabat
1082 1108 1174 1202 post
1218 1093 1383 1195 Atilanr,
1417 1106 1616 1177 vocatum

209 1208 506 1320 Suetibolug⁶),
540 1214 820 1322 salutauitque
870 1244 964 1298 enm
1009 1219 1060 1297 de
1102 1216 1198 1319 suis,
1244 1230 1284 1297 et
1326 1244 1492 1301 causam
1539 1244 1617 1325 pro

210 1365 295 1448 qua
312 1349 486 1419 uenerat
518 1336 810 1418 manifestabit.
832 1338 920 1419 Hee.
936 1341 1109 1421 audiens
1129 1337 1412 1447 Srretibolrrg⁷)
1444 1341 1618 1445 gauisus

210 1475 273 1544 est
304 1459 454 1566 gaudie
488 1452 649 1563 magno,
680 1461 852 1567 putabat
885 1463 993 1542 eninr
1031 1489 1100 1541 eos
1134 1489 1224 1542 esse
1258 1463 1442 1562 rusticos
1463 1478 1510 1543 nt
1543 1490 1619 1543 ve·

213 1586 348 1666 nirent
382 1597 422 1663 et
454 1595 600 1663 terram
637 1583 725 1663 eius
759 1584 952 1683 colerent,
975 1598 1140 1692 propter·
1168 1578 1284 1690 hoc⁸)
1304 1585 1516 1666 -nuneium
1543 1585 1619 1666 de·

212 1709 380 1788 licatum
416 1704 581 1791 remisit.
622 1704 747 1786 llusid
783 1720 921 1787 antem
967 1708 1017 1787 de
1061 1733 1170 1812 aqua
1213 1705 1390 1815 llanuby
1424 1708 1617 1812 lagenam

213 1828 403 1936 implens,
437 1843 478 1907 et
518 1827 689 1907 herbam
733 1829 936 1935 periurum
950 1825 980 1936 9)
1023 1856 1190 1936 ponens·
1226 1829 1264 1908 in
1310 1842 1456 1931 utrem,
1490 1842 1532 1910 et
1565 1829 1618 1910 de

214 1966 319 2033 terra
352 1949 453 2055 nigri
488 1950 620 2029 sabuli
655 1950 862 2057 accipiens
891 1951 940 2032 ad
975 1978 1072 2033 suos
1107 1978 1296 2033 reuersus
1329 1966 1402 2034 est.
1423 1950 1618 2058 Cumque

214 2086 416 2156 narrasset
450 2073 703 2179 omniaque
745 2070 997 2181 audierat¹⁰)
1040 2089 1080 2155 'et
1124 2074 1245 2180 (lla)
1290 2074 1456 2176 uiderat,
1494 2074 1619 2154 valde

213 2197 372 2306 placuit
403 2196 473 2292 eis,
509 2210 549 2275 et
581 2195 769 2299 lagenam
813 2224 921 2306 aque
965 2214 1111 2278 terram
1148 2213 1189 2277 et
1221 2195 1389 2278 herbam
1424 2197 1482 2279 eis
1524 2222 1620 2304 pre·

214 2318 415 2401 seruauit:
450 2318 501 2397 de
535 2318 687 2424 quibus
721 2321 797 2428 ipsi
831 2321 1028 2427 sapiendo
1068 2320 1172 2400 hene
1191 2333 1485 2423 cognouerunt,
1504 2318 1618 2424 qnod

214 2460 321 2523 terra
356 2441 510 2548 optima
545 2441 607 2535 sit,
643 2456 683 2519 et
724 2470 873 2548 aquarn
916 2443 1079 2522 duleenr
1130 2439 1332 2548 habeat¹¹)
1375 2456 1416 2522 et
1452 2456 1618 2550 pratum

214 2593 309 2645 cum
344 2563 483 2644 herbis
517 2563 731 2667 similibus,
751 2559 1509 2671 (1111111111)1111111111(1111111111.
1540 2565 1621 2643 Ar·

214 2688 293 2795 pad
328 2712 424 2767 rero
459 2713 553 2767 eum
601 2686 685 2768 suls
729 2688 779 2767 de
822 2715 930 2795 aqna
975 2685 1153 2795 Danuby
1189 2715 1315 2768 eorrnr
1355 2687 1542 2794 irripiens,
1580 2700 1623 2765 et

213 2822 309 2890 ante
344 2833 490 2889 omnes
526 2808 729 2911 hungaros
762 2837 887 2917 super
919 2809 1018 2889 illud
1054 2827 1180 2890 ‘eornu
1213 2809 1506 2917 omnipotentis
1538 2806 1621 2889 Dei

214 2931 479 3012 elementiam
514 2934 683 3035 rogauit,
718 2950 762 3013 ut
795 2933 987 3012 dominns
1021 2932 1078 3010 eis
1111 2948 1258 3011 terram
1296 2933 1332 3011 in
1370 2946 1620 3038 perpetuum

215 3054 474 3134 concederet.
518 3053 660 3133 Finitis
707 3055 767 3134 his
811 3054 946 3135 rerlris
990 3082 1133 3133 ornnes
1165 3054 1364 3157 “hungari
1408 3053 1621 3133 elanrane·

214 3171 395 3282 runt¹³):
427 3173 543 3255 Dens
579 3175 690 3257 nens
732 3177 855 3274 heus,
883 3161 1019 3257 tribus
1053 3176 1224 3278 vicibus,
1259 3165 1385 3256 111111
1421 3177 1620 3256 inuentus

214 3314 277 3380 est
316 3325 417 3380 usus
460 3298 551 3397 iste,
591 3311 630 3377 11
672 3312 861 3379 seruatur·
901 3298 1009 3404 apud
1055 3299 1258 3402 hungaros
1300 3324 1433 3404 usque
1476 3296 1616 3383 modo,

214 3420 375 3501 Deinde.
408 3422 617 3499 communi
665 3422 835 3501 consilio
872 3421 920 3500 ad
968 3421 1196 3526 predii-turn
1240 3421 1389 3501 dueern
1433 3419 1616 3499 eundern

213 3542 412 3624 nuncium
447 3543 704 3645 remiserunt,
739 3558 778 3623 et
812 3544 847 3623 ei
882 3571 1036 3648 equum
1081 3542 1221 3623 album
1267 3537 1369 3651 et¹⁴)
1401 3568 1616 3647 magnum,

214 3692 309 3747 cum
344 3663 445 3746 sella
477 3664 817 3769 (1111111·11111,,11111·1
853 3664 1002 3746 Aruhie
1041 3677 1082 3743 et
1114 3667 1227 3745 lieno
1260 3665 1456 3745 deamata
1490 3664 1617 3745 mise·

214 3800 310 3871 runt
342 3811 414 3894 pro
447 3799 554 3868 terra
586 3813 673 3868 sna.
696 3786 787 3882 Quo
813 3788 900 3868 viso
933 3787 1018 3867 dux
1056 3787 1142 3894 ipse
1177 3787 1304 3890 magis
1337 3787 1515 3890 gauisus,
1534 3813 1616 3892 pn·

214 3910 329 3991 tabat
361 3908 470 4014 qnod
506 3909 541 3988 ei
574 3935 648 4016 pro
689 3924 795 3989 terra
833 3908 1011 4015 quadarn
1051 3904 1350 4016 lrospitalari'⁵)
1393 3908 1615 3989 misissent.

213 4030 400 4112 Nuneius
433 4027 971 4137 1111111111)111111111111111111
995 4057 1018 4112 a
1051 4031 1157 4110 duee
1191 4046 1339 4110 terram
1355 4024 1405 4136 17)
1440 4028 1614 4110 herbam

371 4249 396 4336 ¹)
420 4253 527 4328 rusid.
558 4255 593 4327 S.
618 4255 728 4328 Knsirl
757 4254 864 4328 tilium
892 4254 1007 4326 Kund.
1039 4249 1065 4336 ²)
1090 4255 1311 4347 prospiceret.
1342 4256 1411 4328 l'P.
1441 4252 1618 4347 perspice·

212 4363 277 4434 111.
306 4359 340 4434 S.
369 4358 646 4451 habitatoresque
674 4364 765 4433 terro
792 4363 1004 4454 agnosceret.
1025 4359 1101 4431 add.
1131 4361 1274 4451 uterque
1301 4358 1379 4431 bod.
1403 4354 1429 4436 ³)
1453 4380 1517 4450 que
1545 4381 1614 4432 orn.

213 4486 289 4540 cum
307 4486 390 4559 ergo
426 4464 470 4537 K.
500 4462 642 4536 reniret.
686 4466 721 4538 S.
754 4459 780 4541 ⁴)
803 4486 853 4536 ac.
884 4458 911 4544 ⁵)
935 4468 981 4535 et.
1012 4458 1287 4557 61Ζ11111111111111.
1320 4458 1345 4538 ἲ)
1370 4463 1613 4557 Scentcpolng.

214 4570 250 4645 S.
281 4563 308 4651 ⁸)
331 4590 394 4663 pro
416 4566 490 4641 hoo.
519 4567 555 4640 S.
586 4562 612 4647 ⁹}
637 4566 762 4660 p'esiar.
793 4569 828 4641 S.
855 4563 894 4643 ¹⁰)
921 4566 1061 4640 adierat.
1085 4566 1122 4641 S.
1148 4563 1189 4635 111
1217 4589 1270 4660 aq.
1292 4568 1438 4640 habebat
1466 4567 1612 4640 dulcem.

211 4672 348 4748 hlbffll·
377 4672 421 4746 Β·
456 4665 497 4751 ”l
526 4690 600 4764 (1111·
630 4672 700 4745 VP.
730 4694 806 4764 qno.
836 4672 870 4744 S.
902 4667 1176 4751 181111111111111111.
1217 4671 1252 4744 S.
1287 4667 1406 4764 ¹¹)-eq,
1437 4693 1613 4765 magnum,

214 4779 285 4859 VP.
318 4771 359 4861 ¹⁶)
387 4775 616 4873 hospitalarii.
646 4774 682 4851 S.
712 4776 782 4850 VP.
815 4770 855 4853 ι11
883 4797 973 4875 ergo¹
1008 4769 1049 4858 ¹³)
1078 4776 1121 4846 pt,
1151 4774 1228 4851 add·
1263 4775 1299 4849 S·
1435 4817 1438 4826 Ι
1472 4767 1498 4821 2
1574 4782 1583 4796 .
