3660 5506
885 335 928 400 32

205 556 276 664 fily
301 567 342 637 et
375 554 457 635 filie
489 552 621 659 accipi
654 564 838 659 possunt,
857 549 967 633 serui
988 559 1029 628 et
1055 547 1226 650 ancille3
1259 550 1462 658 numquid
1497 553 1612 635 enim

206 706 300 760 cnm
336 677 407 761 tali
439 675 596 757 tamilla
628 701 752 779 regna
784 686 959 780 possunt
990 671 1247 777 expugnari?
1280 670 1412 755 Absit.

364 833 431 915 38.
470 831 632 912 Accidit
664 845 803 911 autem
841 828 1099 936 temporibus
1132 828 1283 910 Toxun
1328 829 1613 938 hungarorum

207 956 436 1039 exereitum
469 980 612 1036 versus
655 953 829 1034 Galliam
874 978 946 1059 pro
990 950 1241 1058 accipiendis
1282 953 1422 1062 spolys
1464 983 1614 1038 ascen-

207 1079 328 1161 disse.
346 1077 425 1173 Qui
454 1104 550 1157 cum
583 1076 624 1155 in
658 1076 793 1156 reditu
827 1074 940 1156 Reno
974 1088 1223 1155 transmeato
1257 1075 1377 1158 diuisi
1411 1077 1614 1161 ferentin

206 1216 288 1284 tres
320 1214 469 1308 partes,
502 1198 584 1279 due
617 1197 705 1279 sine
739 1197 904 1299 honore,
935 1222 1016 1286 una
1048 1224 1144 1276 cum
1179 1196 1332 1277 honore
1365 1198 1405 1279 in
1438 1199 1615 1307 Hunga-

206 1324 308 1405 riam
341 1320 761 1427 descen(lbb)debat.
784 1317 918 1414 Quam
937 1319 1023 1400 dux
1043 1317 1222 1398 Saxonie
1241 1321 1351 1425 apud
1374 1321 1566 1404 lsnacum
1582 1319 1614 1432 ¹>

208 1445 417 1527 ciuitatem
452 1442 540 1525 sine
573 1457 732 1549 septem
777 1440 969 1546 hungaris
1011 1435 1221 1547 omnino²)
1255 1441 1469 1530 interiecit.
1506 1443 1615 1555 Sep·

206 1584 291 1650 tem
325 1580 465 1648 antem
500 1593 552 1645 ex
586 1564 685 1672 ipsis
718 1563 948 1665 reseruatis,
971 1563 1194 1670 amputatis
1221 1565 1390 1648 auribus
1424 1567 1534 1650 misit
1568 1569 1613 1650 in

206 1689 474 1771 Pannoniam.
491 1687 552 1767 lte
586 1686 719 1793 inquit
751 1687 801 1767 ad
821 1701 977 1768 vestros
1011 1687 1216 1790 hungaros
1250 1687 1384 1768 taliter
1416 1716 1614 1772 enarran-

207 1826 281 1916 tes,
314 1823 361 1893 ut
392 1809 570 1917 amplius
602 1835 685 1889 non
712 1809 880 1890 veniant
912 1808 952 1887 in
987 1808 1099 1890 hune
1126 1807 1262 1888 locum
1298 1826 1614 1895 tormentorum.

208 1933 301 2016 Due
334 1958 432 2015 vero
465 1943 601 2039 partes
635 1930 714 2012 iam
754 1929 950 2012 Sneuiam
993 1930 1242 2010 introierant.
1276 1930 1430 2013 Audito
1463 1936 1509 2015 ut
1541 1962 1614 2016 ac-

208 2056 362 2138 ciderat
404 2080 548 2136 eornm
590 2079 710 2161 soeys
748 2066 789 2134 et
830 2053 1025 2157 cognatis,
1068 2052 1313 2134 dimiserunt
1352 2051 1523 2162 spolia³)
1568 2057 1614 2138 in

208 2177 373 2279 Sneuia,
407 2190 448 2257 et
481 2175 680 2282 quidquid
723 2175 781 2257 eis
823 2175 1000 2256 occurrit
1032 2202 1056 2255 a
1086 2173 1256 2255 flumine
1299 2175 1434 2257 lllirici
1475 2205 1614 2286 usqne

208 2301 260 2382 ad
291 2299 446 2381 flumen
480 2296 579 2378 Saar
611 2298 699 2378 siue
732 2291 926 2405 Saytahl)
969 2296 1220 2399 occiderunt,
1254 2298 1306 2378 ab
1342 2298 1505 2381 homine
1541 2329 1615 2384 us·

209 2449 290 2531 que
323 2421 373 2504 ad
408 2447 549 2528 pecus.
581 2418 787 2526 Hungaris
820 2431 957 2500 autem
1002 2434 1162 2527 septem
1205 2419 1293 2501 sine
1335 2421 1503 2505 auribus
1535 2451 1615 2532 pro

209 2572 258 2626 eo
290 2555 338 2626 ut
369 2543 453 2625 viui
487 2541 706 2644 redierunt,
741 2555 858 2624 etse
892 2541 1022 2623 occidi
1065 2570 1160 2624 cum
1198 2568 1318 2650 soeys
1358 2570 1440 2626 non
1474 2545 1614 2652 elege-

210 2682 318 2770 runt,
360 2663 635 2747 communitas
678 2662 802 2746 talem
847 2665 1101 2747 sentenciam
1145 2660 1307 2748 dedisse
1349 2666 1614 2774 perhibetur:

210 2789 360 2870 Omnia
392 2815 474 2896 que
509 2783 783 2892 habuerunt⁵)
816 2788 1054 2888 amiserunt,
1073 2803 1154 2868 tam
1184 2787 1225 2869 iu
1249 2816 1291 2870 re
1313 2789 1448 2871 stabili
1483 2816 1612 2896 quam

208 2911 374 3014 mobili3
416 2911 469 2992 ab
512 2909 713 2992 uxoribus
756 2925 796 2989 et
838 2910 976 3018 pueris
1019 2909 1108 2991 illos
1151 2926 1406 3016 separantes
1450 2912 1614 3018 pedites

208 3035 297 3118 sine
318 3028 492 3133 calceis,
518 3032 815 3139 propriumque
850 3032 905 3112 nil
939 3031 1091 3113 habere
1124 3031 1411 3139 permiserunt.
1438 3031 1617 3143 Semper

210 3157 339 3239 eciam
374 3153 541 3236 insimul
575 3155 627 3234 de
659 3153 956 3236 thabernacnlo
995 3153 1034 3234 in
1046 3149 1078 3260 ⁶)
1113 3153 1454 3238 thabernacnlum
1493 3183 1614 3237 men·

210 3279 391 3360 dicatum
404 3273 434 3382 ⁷)
469 3304 601 3382 nsque
634 3277 733 3358 dum
768 3277 957 3359 viuerent
989 3276 1046 3357 ire
1080 3277 1383 3384 compulerunt.
1406 3276 1485 3373 Qui
1518 3279 1614 3386 qui·

210 3401 304 3480 dem
339 3410 498 3506 septem
533 3399 585 3479 ob
624 3399 822 3479 offensam
865 3397 1102 3480 huiusmodi
1145 3399 1284 3480 Lazari
1325 3416 1423 3483 sunt
1463 3401 1614 3483 vocati.

210 3521 286 3602 Vel
309 3521 388 3602 sic:
422 3520 500 3614 Qui
520 3520 687 3626 quidem
709 3535 869 3628 septem
892 3522 944 3602 ob
978 3521 1177 3602 oll'ensam
1212 3521 1448 3604 huiusmodi
1479 3521 1614 3605 Heth-

210 3637 405 3749 magiar⁸)
439 3656 480 3723 et
512 3637 670 3750 Gyalr⁰)
704 3658 802 3724 sum
833 3642 979 3723 vocati.
1013 3641 1076 3723 De
1109 3643 1194 3725 istis
1227 3643 1367 3752 itaque
1403 3644 1461 3727 sic
1494 3643 1615 3726 darn-

209 3766 316 3847 natis
349 3764 502 3869 uulgus
535 3764 633 3844 dicit
665 3790 748 3844 non
781 3766 832 3845 de
865 3759 1090 3871 septem¹⁰)
1125 3765 1210 3847 istis
1244 3766 1397 3873 primis.
1422 3765 1617 3850 Preterea

212 3916 306 3970 cum
342 3887 394 3969 sit
426 3887 605 3993 quodam
640 3887 763 3968 modo
796 3887 1010 3994 proprium
1040 3887 1343 3970 mondanorum
1374 3888 1616 3994 arroganeie

210 4010 403 4118 plausum
437 4009 531 4116 plns
565 4008 615 4090 de
649 4035 693 4090 se
733 4035 958 4111 assumere,
993 4036 1118 4116 quam
1154 4036 1207 4090 ex
1241 4010 1385 4094 alienis
1417 4011 1469 4093 de
1501 4010 1617 4118 seip-

211 4132 265 4214 sis
299 4125 625 4238 componere¹¹),
653 4130 828 4238 ideoque
856 4131 919 4213 isti
953 4131 1157 4239 capitanei
1191 4148 1352 4239 septem
1385 4132 1617 4217 cantilenas

211 4254 263 4335 de
295 4253 440 4360 seipsis
474 4248 836 4360 eoruponcntes¹²)
877 4255 1064 4334 fecerunt
1101 4254 1207 4334 inter
1238 4281 1283 4335 se
1316 4254 1523 4336 decantari
1559 4255 1617 4337 ob

372 4527 395 4612 ¹)
420 4529 600 4624 Turingie,
627 4530 702 4602 add.
735 4525 761 4611 ²)
787 4552 915 4603 omnes.
946 4523 975 4610 8)
999 4528 1161 4622 accipere.
1201 4531 1277 4603 add.
1309 4525 1335 4606 ‘l
1361 4530 1505 4626 Laylah.
1535 4530 1617 4607 VP.

210 4634 349 4730 Scytala.
377 4634 429 4709 S.
467 4629 493 4717 ⁶)
524 4635 705 4709 habebant.
743 4629 769 4714 ⁶)
794 4636 848 4708 ad.
891 4633 929 4708 S.
961 4629 987 4714 ⁷)
1016 4633 1245 4708 memlicando.
1291 4630 1318 4717 8)
1341 4636 1533 4730 halmogor.
1557 4634 1619 4714 ,8.

213 4735 239 4822 ⁹)
264 4740 349 4815 Gok.
380 4740 415 4813 S.
445 4740 567 4813 Lazari
596 4739 951 4815 lrabet.VP.Wolr.V.
969 4735 1008 4819 ¹⁰)
1036 4737 1235 4832 capitaneis.
1252 4741 1328 4814 add.
1363 4736 1404 4823 ¹¹)
1433 4740 1475 4814 do
1502 4763 1540 4815 so
1568 4739 1619 4838 ip.

211 4866 421 4943 componere.
453 4868 517 4921 orn.
548 4843 586 4922 S.
616 4848 868 4940 corrrponantes.
898 4844 967 4919 VP.
994 4837 1033 4925 ¹²)
1049 4843 1089 4917 de
1118 4866 1154 4918 se
1174 4843 1239 4940 ips.
1256 4850 1346 4922 cant.
1364 4866 1472 4944 comp.
1489 4845 1564 4924 VP.
