<?xml version="1.0" encoding="UTF-8"?>
<!DOCTYPE html PUBLIC "-//W3C//DTD XHTML 1.0 Transitional//EN"
    "http://www.w3.org/TR/xhtml1/DTD/xhtml1-transitional.dtd">
<html xmlns="http://www.w3.org/1999/xhtml" xml:lang="en" lang="en">
 <head>
  <title>
</title>
<meta http-equiv="Content-Type" content="text/html;charset=utf-8" />
  <meta name='ocr-system' content='tesseract 3.04.00' />
  <meta name='ocr-capabilities' content='ocr_page ocr_carea ocr_par ocr_line ocrx_word'/>
</head>
<body>
  <div class='ocr_page' id='page_1' title='image "./chronicondubnic00florgoog_0077.png"; bbox 0 0 3592 5490; ppageno 0'>
   <div class='ocr_carea' id='block_1_1' title="bbox 875 389 917 454">
    <p class='ocr_par' dir='ltr' id='par_1_1' title="bbox 875 389 917 454">
     <span class='ocr_line' id='line_1_1' title="bbox 875 389 917 454; baseline -0.024 0"><span class='ocrx_word' id='word_1_1' title='bbox 875 389 917 454; x_wconf 79' lang='lat'>62</span> 
     </span>
    </p>
   </div>
   <div class='ocr_carea' id='block_1_2' title="bbox 821 481 976 488">
    <p class='ocr_par' dir='ltr' id='par_1_2' title="bbox 821 481 976 488">
     <span class='ocr_line' id='line_1_2' title="bbox 821 481 976 488; baseline 0 -1"><span class='ocrx_word' id='word_1_2' title='bbox 821 481 926 488; x_wconf 76' lang='lat'><strong>.—..—</strong></span> <span class='ocrx_word' id='word_1_3' title='bbox 931 482 976 488; x_wconf 86' lang='lat'>—.</span> 
     </span>
    </p>
   </div>
   <div class='ocr_carea' id='block_1_3' title="bbox 189 600 1602 4492">
    <p class='ocr_par' dir='ltr' id='par_1_3' title="bbox 189 600 1602 4492">
     <span class='ocr_line' id='line_1_3' title="bbox 195 600 1601 714; baseline 0 -30"><span class='ocrx_word' id='word_1_4' title='bbox 195 604 407 686; x_wconf 80' lang='lat' dir='ltr'>venissem</span> <span class='ocrx_word' id='word_1_5' title='bbox 439 600 508 711; x_wconf 84' lang='lat' dir='ltr'>qui</span> <span class='ocrx_word' id='word_1_6' title='bbox 543 606 691 686; x_wconf 89' lang='lat' dir='ltr'>dicitur</span> <span class='ocrx_word' id='word_1_7' title='bbox 732 601 931 714; x_wconf 77' lang='lat' dir='ltr'>Gyogh¹)‚</span> <span class='ocrx_word' id='word_1_8' title='bbox 974 605 1029 686; x_wconf 92' lang='lat' dir='ltr'>ibi</span> <span class='ocrx_word' id='word_1_9' title='bbox 1069 605 1108 684; x_wconf 92' lang='lat' dir='ltr'>in</span> <span class='ocrx_word' id='word_1_10' title='bbox 1144 604 1318 685; x_wconf 82' lang='lat' dir='ltr'>ecclesia</span> <span class='ocrx_word' id='word_1_11' title='bbox 1350 616 1492 685; x_wconf 88' lang='lat' dir='ltr'>sancte</span> <span class='ocrx_word' id='word_1_12' title='bbox 1527 600 1601 684; x_wconf 81' lang='lat' dir='ltr'>Sa·</span> 
     </span>
     <span class='ocr_line' id='line_1_4' title="bbox 195 725 1600 835; baseline -0.001 -28"><span class='ocrx_word' id='word_1_13' title='bbox 195 726 304 828; x_wconf 84' lang='lat' dir='ltr'>hine,</span> <span class='ocrx_word' id='word_1_14' title='bbox 349 728 589 835; x_wconf 87' lang='lat' dir='ltr'>priusquam</span> <span class='ocrx_word' id='word_1_15' title='bbox 624 729 673 808; x_wconf 87' lang='lat' dir='ltr'>ad</span> <span class='ocrx_word' id='word_1_16' title='bbox 709 729 896 809; x_wconf 83' lang='lat' dir='ltr'>dorninos</span> <span class='ocrx_word' id='word_1_17' title='bbox 940 729 1056 829; x_wconf 85' lang='lat' dir='ltr'>irent,</span> <span class='ocrx_word' id='word_1_18' title='bbox 1101 727 1269 808; x_wconf 87' lang='lat' dir='ltr'>missam</span> <span class='ocrx_word' id='word_1_19' title='bbox 1302 725 1445 806; x_wconf 82' lang='lat' dir='ltr'>audire</span> <span class='ocrx_word' id='word_1_20' title='bbox 1478 725 1600 807; x_wconf 86' lang='lat' dir='ltr'>volu-</span> 
     </span>
     <span class='ocr_line' id='line_1_5' title="bbox 196 847 1600 957; baseline 0.001 -29"><span class='ocrx_word' id='word_1_21' title='bbox 196 863 328 929; x_wconf 89' lang='lat' dir='ltr'>erunt.</span> <span class='ocrx_word' id='word_1_22' title='bbox 372 851 521 932; x_wconf 79' lang='lat' dir='ltr'>Beatus</span> <span class='ocrx_word' id='word_1_23' title='bbox 564 851 703 957; x_wconf 85' lang='lat' dir='ltr'>itaque</span> <span class='ocrx_word' id='word_1_24' title='bbox 749 851 954 932; x_wconf 83' lang='lat' dir='ltr'>Gerardus</span> <span class='ocrx_word' id='word_1_25' title='bbox 1004 849 1225 956; x_wconf 89' lang='lat' dir='ltr'>episcopus</span> <span class='ocrx_word' id='word_1_26' title='bbox 1272 847 1600 930; x_wconf 84' lang='lat' dir='ltr'>sacerdotalibus</span> 
     </span>
     <span class='ocr_line' id='line_1_6' title="bbox 195 970 1601 1071; baseline 0.001 -22"><span class='ocrx_word' id='word_1_27' title='bbox 195 972 380 1053; x_wconf 86' lang='lat' dir='ltr'>vestibus</span> <span class='ocrx_word' id='word_1_28' title='bbox 421 973 470 1051; x_wconf 90' lang='lat' dir='ltr'>ad</span> <span class='ocrx_word' id='word_1_29' title='bbox 516 972 805 1053; x_wconf 68' lang='lat' dir='ltr'>celebrandam</span> <span class='ocrx_word' id='word_1_30' title='bbox 850 972 1018 1053; x_wconf 89' lang='lat' dir='ltr'>missam</span> <span class='ocrx_word' id='word_1_31' title='bbox 1064 971 1244 1071; x_wconf 87' lang='lat' dir='ltr'>indutus,</span> <span class='ocrx_word' id='word_1_32' title='bbox 1289 970 1601 1051; x_wconf 64' lang='lat' dir='ltr'>exhortacionis</span> 
     </span>
     <span class='ocr_line' id='line_1_7' title="bbox 195 1092 1602 1198; baseline 0.001 -26"><span class='ocrx_word' id='word_1_33' title='bbox 195 1093 329 1197; x_wconf 77' lang='lat' dir='ltr'>gracia</span> <span class='ocrx_word' id='word_1_34' title='bbox 368 1095 529 1175; x_wconf 87' lang='lat' dir='ltr'>locutus</span> <span class='ocrx_word' id='word_1_35' title='bbox 571 1109 633 1176; x_wconf 88' lang='lat' dir='ltr'>est</span> <span class='ocrx_word' id='word_1_36' title='bbox 665 1096 723 1176; x_wconf 88' lang='lat' dir='ltr'>eis</span> <span class='ocrx_word' id='word_1_37' title='bbox 757 1095 918 1176; x_wconf 71' lang='lat' dir='ltr'>iliceos:</span> <span class='ocrx_word' id='word_1_38' title='bbox 960 1094 1119 1174; x_wconf 77' lang='lat' dir='ltr'>Fratres</span> <span class='ocrx_word' id='word_1_39' title='bbox 1163 1108 1204 1173; x_wconf 87' lang='lat' dir='ltr'>et</span> <span class='ocrx_word' id='word_1_40' title='bbox 1246 1092 1480 1198; x_wconf 80' lang='lat' dir='ltr'>coepiscopi</span> <span class='ocrx_word' id='word_1_41' title='bbox 1518 1093 1602 1173; x_wconf 91' lang='lat' dir='ltr'>mei</span> 
     </span>
     <span class='ocr_line' id='line_1_8' title="bbox 194 1213 1599 1323; baseline 0.001 -29"><span class='ocrx_word' id='word_1_42' title='bbox 194 1231 235 1294; x_wconf 90' lang='lat' dir='ltr'>ct</span> <span class='ocrx_word' id='word_1_43' title='bbox 278 1244 421 1295; x_wconf 79' lang='lat' dir='ltr'>onnms</span> <span class='ocrx_word' id='word_1_44' title='bbox 467 1217 531 1323; x_wconf 81' lang='lat' dir='ltr'>aly</span> <span class='ocrx_word' id='word_1_45' title='bbox 574 1217 716 1297; x_wconf 84' lang='lat' dir='ltr'>fideles</span> <span class='ocrx_word' id='word_1_46' title='bbox 759 1219 828 1322; x_wconf 78' lang='lat' dir='ltr'>qui</span> <span class='ocrx_word' id='word_1_47' title='bbox 871 1217 1034 1312; x_wconf 71' lang='lat' dir='ltr'>ariestis,</span> <span class='ocrx_word' id='word_1_48' title='bbox 1077 1216 1222 1296; x_wconf 89' lang='lat' dir='ltr'>scitote</span> <span class='ocrx_word' id='word_1_49' title='bbox 1265 1241 1340 1296; x_wconf 91' lang='lat' dir='ltr'>nos</span> <span class='ocrx_word' id='word_1_50' title='bbox 1384 1213 1506 1293; x_wconf 90' lang='lat' dir='ltr'>hodie</span> <span class='ocrx_word' id='word_1_51' title='bbox 1548 1215 1599 1295; x_wconf 85' lang='lat' dir='ltr'>ad</span> 
     </span>
     <span class='ocr_line' id='line_1_9' title="bbox 193 1337 1599 1445; baseline 0.001 -31"><span class='ocrx_word' id='word_1_52' title='bbox 193 1337 406 1417; x_wconf 91' lang='lat' dir='ltr'>dominnm</span> <span class='ocrx_word' id='word_1_53' title='bbox 453 1359 634 1419; x_wconf 87' lang='lat' dir='ltr'>nostrum</span> <span class='ocrx_word' id='word_1_54' title='bbox 675 1338 820 1419; x_wconf 77' lang='lat' dir='ltr'>desum</span> <span class='ocrx_word' id='word_1_55' title='bbox 862 1338 1068 1418; x_wconf 76' lang='lat' dir='ltr'>Christum</span> <span class='ocrx_word' id='word_1_56' title='bbox 1113 1365 1208 1418; x_wconf 92' lang='lat' dir='ltr'>cum</span> <span class='ocrx_word' id='word_1_57' title='bbox 1243 1362 1393 1416; x_wconf 90' lang='lat' dir='ltr'>corona</span> <span class='ocrx_word' id='word_1_58' title='bbox 1424 1337 1599 1445; x_wconf 87' lang='lat' dir='ltr'>martiry</span> 
     </span>
     <span class='ocr_line' id='line_1_10' title="bbox 194 1457 1598 1566; baseline 0.001 -30"><span class='ocrx_word' id='word_1_59' title='bbox 194 1458 233 1537; x_wconf 95' lang='lat' dir='ltr'>in</span> <span class='ocrx_word' id='word_1_60' title='bbox 268 1475 409 1539; x_wconf 85' lang='lat' dir='ltr'>eterna</span> <span class='ocrx_word' id='word_1_61' title='bbox 441 1461 590 1563; x_wconf 80' lang='lat' dir='ltr'>gaudia</span> <span class='ocrx_word' id='word_1_62' title='bbox 622 1476 905 1566; x_wconf 79' lang='lat' dir='ltr'>peruenturus,</span> <span class='ocrx_word' id='word_1_63' title='bbox 944 1460 1027 1565; x_wconf 82' lang='lat' dir='ltr'>Ego</span> <span class='ocrx_word' id='word_1_64' title='bbox 1061 1460 1171 1539; x_wconf 91' lang='lat' dir='ltr'>enim</span> <span class='ocrx_word' id='word_1_65' title='bbox 1206 1472 1350 1539; x_wconf 88' lang='lat' dir='ltr'>notum</span> <span class='ocrx_word' id='word_1_66' title='bbox 1381 1457 1487 1538; x_wconf 76' lang='lat' dir='ltr'>facio</span> <span class='ocrx_word' id='word_1_67' title='bbox 1525 1485 1598 1538; x_wconf 92' lang='lat' dir='ltr'>vo-</span> 
     </span>
     <span class='ocr_line' id='line_1_11' title="bbox 196 1581 1599 1688; baseline -0.001 -27"><span class='ocrx_word' id='word_1_68' title='bbox 196 1581 257 1661; x_wconf 90' lang='lat' dir='ltr'>bis</span> <span class='ocrx_word' id='word_1_69' title='bbox 300 1581 526 1662; x_wconf 90' lang='lat' dir='ltr'>archanum</span> <span class='ocrx_word' id='word_1_70' title='bbox 565 1583 642 1682; x_wconf 83' lang='lat' dir='ltr'>dei,</span> <span class='ocrx_word' id='word_1_71' title='bbox 677 1584 786 1688; x_wconf 69' lang='lat' dir='ltr'>(pisid</span> <span class='ocrx_word' id='word_1_72' title='bbox 832 1582 955 1663; x_wconf 91' lang='lat' dir='ltr'>michi</span> <span class='ocrx_word' id='word_1_73' title='bbox 999 1584 1039 1662; x_wconf 95' lang='lat' dir='ltr'>in</span> <span class='ocrx_word' id='word_1_74' title='bbox 1075 1582 1150 1661; x_wconf 91' lang='lat' dir='ltr'>hac</span> <span class='ocrx_word' id='word_1_75' title='bbox 1195 1594 1314 1661; x_wconf 88' lang='lat' dir='ltr'>nocte</span> <span class='ocrx_word' id='word_1_76' title='bbox 1358 1581 1599 1660; x_wconf 85' lang='lat' dir='ltr'>reuelatnm</span> 
     </span>
     <span class='ocr_line' id='line_1_12' title="bbox 194 1701 1600 1808; baseline 0.001 -27"><span class='ocrx_word' id='word_1_77' title='bbox 194 1723 267 1784; x_wconf 85' lang='lat' dir='ltr'>cst.</span> <span class='ocrx_word' id='word_1_78' title='bbox 296 1703 387 1782; x_wconf 83' lang='lat' dir='ltr'>Vidi</span> <span class='ocrx_word' id='word_1_79' title='bbox 416 1704 524 1783; x_wconf 90' lang='lat' dir='ltr'>cuim</span> <span class='ocrx_word' id='word_1_80' title='bbox 548 1703 760 1784; x_wconf 83' lang='lat' dir='ltr'>donrimnn</span> <span class='ocrx_word' id='word_1_81' title='bbox 790 1721 973 1786; x_wconf 89' lang='lat' dir='ltr'>nostrmn</span> <span class='ocrx_word' id='word_1_82' title='bbox 991 1704 1137 1786; x_wconf 79' lang='lat' dir='ltr'>desum</span> <span class='ocrx_word' id='word_1_83' title='bbox 1165 1702 1370 1783; x_wconf 81' lang='lat' dir='ltr'>Christum</span> <span class='ocrx_word' id='word_1_84' title='bbox 1392 1701 1429 1780; x_wconf 91' lang='lat' dir='ltr'>in</span> <span class='ocrx_word' id='word_1_85' title='bbox 1450 1701 1600 1808; x_wconf 83' lang='lat' dir='ltr'>pluteo</span> 
     </span>
     <span class='ocr_line' id='line_1_13' title="bbox 193 1825 1597 1933; baseline 0.001 -28"><span class='ocrx_word' id='word_1_86' title='bbox 193 1825 450 1906; x_wconf 87' lang='lat' dir='ltr'>sanctissime</span> <span class='ocrx_word' id='word_1_87' title='bbox 466 1826 603 1905; x_wconf 74' lang='lat' dir='ltr'>aratris</span> <span class='ocrx_word' id='word_1_88' title='bbox 621 1855 694 1907; x_wconf 87' lang='lat' dir='ltr'>suc</span> <span class='ocrx_word' id='word_1_89' title='bbox 713 1855 878 1933; x_wconf 85' lang='lat' dir='ltr'>sempor</span> <span class='ocrx_word' id='word_1_90' title='bbox 895 1826 1059 1930; x_wconf 79' lang='lat' dir='ltr'>virginis</span> <span class='ocrx_word' id='word_1_91' title='bbox 1079 1825 1204 1905; x_wconf 82' lang='lat' dir='ltr'>Mario</span> <span class='ocrx_word' id='word_1_92' title='bbox 1221 1825 1435 1905; x_wconf 84' lang='lat' dir='ltr'>sedentem</span> <span class='ocrx_word' id='word_1_93' title='bbox 1454 1825 1597 1907; x_wconf 88' lang='lat' dir='ltr'>nobis·</span> 
     </span>
     <span class='ocr_line' id='line_1_14' title="bbox 194 1945 1600 2054; baseline 0.003 -30"><span class='ocrx_word' id='word_1_94' title='bbox 194 1972 275 2051; x_wconf 83' lang='lat' dir='ltr'>quc</span> <span class='ocrx_word' id='word_1_95' title='bbox 295 1947 343 2026; x_wconf 90' lang='lat' dir='ltr'>ad</span> <span class='ocrx_word' id='word_1_96' title='bbox 364 1949 585 2050; x_wconf 77' lang='lat' dir='ltr'>sarmatis,</span> <span class='ocrx_word' id='word_1_97' title='bbox 600 1948 650 2027; x_wconf 88' lang='lat' dir='ltr'>de</span> <span class='ocrx_word' id='word_1_98' title='bbox 664 1975 789 2028; x_wconf 89' lang='lat' dir='ltr'>manu</span> <span class='ocrx_word' id='word_1_99' title='bbox 807 1976 881 2030; x_wconf 89' lang='lat' dir='ltr'>soa</span> <span class='ocrx_word' id='word_1_100' title='bbox 894 1948 1073 2054; x_wconf 87' lang='lat' dir='ltr'>corpmis</span> <span class='ocrx_word' id='word_1_101' title='bbox 1087 1946 1346 2051; x_wconf 85' lang='lat' dir='ltr'>etsanguiois</span> <span class='ocrx_word' id='word_1_102' title='bbox 1364 1945 1428 2026; x_wconf 89' lang='lat' dir='ltr'>sui</span> <span class='ocrx_word' id='word_1_103' title='bbox 1441 1947 1600 2028; x_wconf 87' lang='lat' dir='ltr'>cucha-</span> 
     </span>
     <span class='ocr_line' id='line_1_15' title="bbox 194 2064 1598 2176; baseline 0.002 -30"><span class='ocrx_word' id='word_1_104' title='bbox 194 2064 388 2174; x_wconf 78' lang='lat' dir='ltr'>ristiam²)</span> <span class='ocrx_word' id='word_1_105' title='bbox 424 2070 813 2151; x_wconf 79' lang='lat' dir='ltr'>commuuimmtcm.</span> <span class='ocrx_word' id='word_1_106' title='bbox 850 2072 1004 2150; x_wconf 81' lang='lat' dir='ltr'>Beneta</span> <span class='ocrx_word' id='word_1_107' title='bbox 1036 2096 1132 2149; x_wconf 83' lang='lat' dir='ltr'>vcro</span> <span class='ocrx_word' id='word_1_108' title='bbox 1167 2069 1387 2176; x_wconf 86' lang='lat' dir='ltr'>opiscopus</span> <span class='ocrx_word' id='word_1_109' title='bbox 1415 2096 1512 2149; x_wconf 76' lang='lat' dir='ltr'>cunr</span> <span class='ocrx_word' id='word_1_110' title='bbox 1547 2071 1598 2149; x_wconf 86' lang='lat' dir='ltr'>ad</span> 
     </span>
     <span class='ocr_line' id='line_1_16' title="bbox 193 2191 1597 2292; baseline 0.002 -24"><span class='ocrx_word' id='word_1_111' title='bbox 193 2218 289 2270; x_wconf 87' lang='lat' dir='ltr'>eum</span> <span class='ocrx_word' id='word_1_112' title='bbox 333 2193 585 2287; x_wconf 77' lang='lat' dir='ltr'>accessisset,</span> <span class='ocrx_word' id='word_1_113' title='bbox 631 2193 800 2272; x_wconf 80' lang='lat' dir='ltr'>retraxit</span> <span class='ocrx_word' id='word_1_114' title='bbox 832 2194 868 2273; x_wconf 89' lang='lat' dir='ltr'>ci</span> <span class='ocrx_word' id='word_1_115' title='bbox 907 2192 1091 2273; x_wconf 82' lang='lat' dir='ltr'>Christus</span> <span class='ocrx_word' id='word_1_116' title='bbox 1135 2191 1436 2292; x_wconf 84' lang='lat' dir='ltr'>eucharistiam,</span> <span class='ocrx_word' id='word_1_117' title='bbox 1480 2191 1597 2271; x_wconf 92' lang='lat' dir='ltr'>unde</span> 
     </span>
     <span class='ocr_line' id='line_1_17' title="bbox 193 2311 1601 2421; baseline 0.002 -30"><span class='ocrx_word' id='word_1_118' title='bbox 193 2311 280 2418; x_wconf 89' lang='lat' dir='ltr'>ipsc</span> <span class='ocrx_word' id='word_1_119' title='bbox 315 2312 434 2391; x_wconf 89' lang='lat' dir='ltr'>hodic</span> <span class='ocrx_word' id='word_1_120' title='bbox 470 2315 633 2421; x_wconf 86' lang='lat' dir='ltr'>nmrtiry</span> <span class='ocrx_word' id='word_1_121' title='bbox 666 2315 793 2396; x_wconf 88' lang='lat' dir='ltr'>nostri</span> <span class='ocrx_word' id='word_1_122' title='bbox 826 2315 1037 2395; x_wconf 89' lang='lat' dir='ltr'>consorcio</span> <span class='ocrx_word' id='word_1_123' title='bbox 1071 2314 1311 2421; x_wconf 87' lang='lat' dir='ltr'>priuabitur.</span> <span class='ocrx_word' id='word_1_124' title='bbox 1349 2313 1470 2420; x_wconf 74' lang='lat' dir='ltr'>(aaa)</span> <span class='ocrx_word' id='word_1_125' title='bbox 1501 2312 1601 2394; x_wconf 87' lang='lat' dir='ltr'>Post</span> 
     </span>
     <span class='ocr_line' id='line_1_18' title="bbox 193 2434 1601 2519; baseline 0.003 -7"><span class='ocrx_word' id='word_1_126' title='bbox 193 2434 270 2513; x_wconf 88' lang='lat' dir='ltr'>hoc</span> <span class='ocrx_word' id='word_1_127' title='bbox 303 2448 441 2514; x_wconf 86' lang='lat' dir='ltr'>autem</span> <span class='ocrx_word' id='word_1_128' title='bbox 478 2437 622 2518; x_wconf 83' lang='lat' dir='ltr'>beatus</span> <span class='ocrx_word' id='word_1_129' title='bbox 655 2437 860 2519; x_wconf 84' lang='lat' dir='ltr'>Gerardus</span> <span class='ocrx_word' id='word_1_130' title='bbox 890 2436 1106 2517; x_wconf 85' lang='lat' dir='ltr'>admonuit</span> <span class='ocrx_word' id='word_1_131' title='bbox 1132 2462 1201 2517; x_wconf 90' lang='lat' dir='ltr'>eos</span> <span class='ocrx_word' id='word_1_132' title='bbox 1227 2449 1274 2516; x_wconf 91' lang='lat' dir='ltr'>nt</span> <span class='ocrx_word' id='word_1_133' title='bbox 1299 2435 1601 2516; x_wconf 84' lang='lat' dir='ltr'>confiterentur</span> 
     </span>
     <span class='ocr_line' id='line_1_19' title="bbox 192 2556 1600 2664; baseline 0.001 -29"><span class='ocrx_word' id='word_1_134' title='bbox 192 2556 433 2637; x_wconf 85' lang='lat' dir='ltr'>alterutrum</span> <span class='ocrx_word' id='word_1_135' title='bbox 478 2572 648 2664; x_wconf 89' lang='lat' dir='ltr'>peccata</span> <span class='ocrx_word' id='word_1_136' title='bbox 687 2586 773 2657; x_wconf 85' lang='lat' dir='ltr'>sna,</span> <span class='ocrx_word' id='word_1_137' title='bbox 808 2571 849 2639; x_wconf 87' lang='lat' dir='ltr'>et</span> <span class='ocrx_word' id='word_1_138' title='bbox 880 2559 1020 2639; x_wconf 89' lang='lat' dir='ltr'>audita</span> <span class='ocrx_word' id='word_1_139' title='bbox 1064 2559 1187 2639; x_wconf 88' lang='lat' dir='ltr'>missa</span> <span class='ocrx_word' id='word_1_140' title='bbox 1219 2557 1396 2637; x_wconf 91' lang='lat' dir='ltr'>oracioni</span> <span class='ocrx_word' id='word_1_141' title='bbox 1430 2556 1600 2638; x_wconf 89' lang='lat' dir='ltr'>incum-</span> 
     </span>
     <span class='ocr_line' id='line_1_20' title="bbox 194 2678 1599 2787; baseline 0.001 -29"><span class='ocrx_word' id='word_1_142' title='bbox 194 2679 351 2778; x_wconf 84' lang='lat' dir='ltr'>bcntcs,</span> <span class='ocrx_word' id='word_1_143' title='bbox 387 2695 428 2758; x_wconf 90' lang='lat' dir='ltr'>ct</span> <span class='ocrx_word' id='word_1_144' title='bbox 459 2681 509 2758; x_wconf 87' lang='lat' dir='ltr'>dc</span> <span class='ocrx_word' id='word_1_145' title='bbox 543 2694 653 2759; x_wconf 90' lang='lat' dir='ltr'>ccrta</span> <span class='ocrx_word' id='word_1_146' title='bbox 684 2708 758 2787; x_wconf 86' lang='lat' dir='ltr'>spe</span> <span class='ocrx_word' id='word_1_147' title='bbox 793 2695 932 2760; x_wconf 88' lang='lat' dir='ltr'>ctcrnc</span> <span class='ocrx_word' id='word_1_148' title='bbox 966 2679 1230 2762; x_wconf 89' lang='lat' dir='ltr'>beatitudinis</span> <span class='ocrx_word' id='word_1_149' title='bbox 1261 2706 1332 2785; x_wconf 90' lang='lat' dir='ltr'>per</span> <span class='ocrx_word' id='word_1_150' title='bbox 1362 2678 1599 2760; x_wconf 85' lang='lat' dir='ltr'>martirium</span> 
     </span>
     <span class='ocr_line' id='line_1_21' title="bbox 192 2799 1600 2908; baseline 0.001 -29"><span class='ocrx_word' id='word_1_151' title='bbox 192 2800 456 2906; x_wconf 81' lang='lat' dir='ltr'>adipiscendo</span> <span class='ocrx_word' id='word_1_152' title='bbox 487 2801 664 2882; x_wconf 80' lang='lat' dir='ltr'>letificati</span> <span class='ocrx_word' id='word_1_153' title='bbox 695 2830 838 2884; x_wconf 87' lang='lat' dir='ltr'>omnes</span> <span class='ocrx_word' id='word_1_154' title='bbox 868 2802 1293 2883; x_wconf 87' lang='lat' dir='ltr'>communicaucrunt.</span> <span class='ocrx_word' id='word_1_155' title='bbox 1316 2799 1477 2879; x_wconf 81' lang='lat' dir='ltr'>Deinde</span> <span class='ocrx_word' id='word_1_156' title='bbox 1502 2828 1600 2908; x_wconf 85' lang='lat' dir='ltr'>per-</span> 
     </span>
     <span class='ocr_line' id='line_1_22' title="bbox 193 2921 1598 3031; baseline 0.004 -31"><span class='ocrx_word' id='word_1_157' title='bbox 193 2936 391 3002; x_wconf 78' lang='lat' dir='ltr'>rexerunt</span> <span class='ocrx_word' id='word_1_158' title='bbox 425 2925 573 3028; x_wconf 89' lang='lat' dir='ltr'>pariter</span> <span class='ocrx_word' id='word_1_159' title='bbox 604 2951 747 3005; x_wconf 84' lang='lat' dir='ltr'>rcrsns</span> <span class='ocrx_word' id='word_1_160' title='bbox 783 2939 945 3031; x_wconf 84' lang='lat' dir='ltr'>pmtum</span> <span class='ocrx_word' id='word_1_161' title='bbox 984 2923 1160 3031; x_wconf 87' lang='lat' dir='ltr'>Danuby</span> <span class='ocrx_word' id='word_1_162' title='bbox 1194 2923 1234 3002; x_wconf 93' lang='lat' dir='ltr'>in</span> <span class='ocrx_word' id='word_1_163' title='bbox 1269 2921 1403 3004; x_wconf 88' lang='lat' dir='ltr'>Pesth.</span> <span class='ocrx_word' id='word_1_164' title='bbox 1437 2922 1598 3005; x_wconf 88' lang='lat' dir='ltr'>Beatus</span> 
     </span>
     <span class='ocr_line' id='line_1_23' title="bbox 192 3040 1597 3152; baseline 0.001 -29"><span class='ocrx_word' id='word_1_165' title='bbox 192 3059 331 3124; x_wconf 88' lang='lat' dir='ltr'>autem</span> <span class='ocrx_word' id='word_1_166' title='bbox 366 3045 571 3126; x_wconf 82' lang='lat' dir='ltr'>Geranios</span> <span class='ocrx_word' id='word_1_167' title='bbox 605 3047 823 3152; x_wconf 65' lang='lat' dir='ltr'>‹nriscopns</span> <span class='ocrx_word' id='word_1_168' title='bbox 857 3075 950 3126; x_wconf 87' lang='lat' dir='ltr'>cmn</span> <span class='ocrx_word' id='word_1_169' title='bbox 982 3059 1091 3128; x_wconf 88' lang='lat' dir='ltr'>esset</span> <span class='ocrx_word' id='word_1_170' title='bbox 1111 3045 1247 3126; x_wconf 78' lang='lat' dir='ltr'>hienis</span> <span class='ocrx_word' id='word_1_171' title='bbox 1272 3040 1468 3151; x_wconf 86' lang='lat' dir='ltr'>statura³)</span> <span class='ocrx_word' id='word_1_172' title='bbox 1504 3071 1597 3125; x_wconf 92' lang='lat' dir='ltr'>om·</span> 
     </span>
     <span class='ocr_line' id='line_1_24' title="bbox 191 3167 1599 3274; baseline 0.003 -29"><span class='ocrx_word' id='word_1_173' title='bbox 191 3193 349 3272; x_wconf 83' lang='lat' dir='ltr'>ncsqne</span> <span class='ocrx_word' id='word_1_174' title='bbox 384 3168 489 3247; x_wconf 88' lang='lat' dir='ltr'>vires</span> <span class='ocrx_word' id='word_1_175' title='bbox 530 3194 625 3247; x_wconf 86' lang='lat' dir='ltr'>snas</span> <span class='ocrx_word' id='word_1_176' title='bbox 660 3168 697 3247; x_wconf 90' lang='lat' dir='ltr'>io</span> <span class='ocrx_word' id='word_1_177' title='bbox 732 3169 906 3248; x_wconf 83' lang='lat' dir='ltr'>seruicia</span> <span class='ocrx_word' id='word_1_178' title='bbox 940 3168 1003 3247; x_wconf 91' lang='lat' dir='ltr'>dci</span> <span class='ocrx_word' id='word_1_179' title='bbox 1038 3168 1222 3248; x_wconf 85' lang='lat' dir='ltr'>fmuhtus</span> <span class='ocrx_word' id='word_1_180' title='bbox 1266 3167 1599 3274; x_wconf 85' lang='lat' dir='ltr'>consumpsisset</span> 
     </span>
     <span class='ocr_line' id='line_1_25' title="bbox 192 3289 1596 3396; baseline 0.004 -30"><span class='ocrx_word' id='word_1_181' title='bbox 192 3315 335 3369; x_wconf 86' lang='lat' dir='ltr'>cmrus</span> <span class='ocrx_word' id='word_1_182' title='bbox 369 3290 640 3368; x_wconf 85' lang='lat' dir='ltr'>subnectione</span> <span class='ocrx_word' id='word_1_183' title='bbox 686 3291 887 3371; x_wconf 87' lang='lat' dir='ltr'>utebatur.</span> <span class='ocrx_word' id='word_1_184' title='bbox 925 3292 1115 3396; x_wconf 76' lang='lat' dir='ltr'>Urnaque</span> <span class='ocrx_word' id='word_1_185' title='bbox 1147 3290 1196 3369; x_wconf 89' lang='lat' dir='ltr'>ad</span> <span class='ocrx_word' id='word_1_186' title='bbox 1234 3289 1464 3395; x_wconf 88' lang='lat' dir='ltr'>predictum</span> <span class='ocrx_word' id='word_1_187' title='bbox 1499 3317 1596 3396; x_wconf 84' lang='lat' dir='ltr'>por·</span> 
     </span>
     <span class='ocr_line' id='line_1_26' title="bbox 191 3405 1595 3518; baseline 0.003 -30"><span class='ocrx_word' id='word_1_188' title='bbox 191 3425 278 3489; x_wconf 94' lang='lat' dir='ltr'>tum</span> <span class='ocrx_word' id='word_1_189' title='bbox 315 3411 533 3513; x_wconf 72' lang='lat' dir='ltr'>venissent,</span> <span class='ocrx_word' id='word_1_190' title='bbox 578 3437 675 3490; x_wconf 88' lang='lat' dir='ltr'>ecce</span> <span class='ocrx_word' id='word_1_191' title='bbox 709 3413 780 3491; x_wconf 85' lang='lat' dir='ltr'>riri</span> <span class='ocrx_word' id='word_1_192' title='bbox 815 3413 929 3518; x_wconf 88' lang='lat' dir='ltr'>impy</span> <span class='ocrx_word' id='word_1_193' title='bbox 965 3410 1068 3491; x_wconf 84' lang='lat' dir='ltr'>Vata</span> <span class='ocrx_word' id='word_1_194' title='bbox 1109 3405 1304 3518; x_wconf 71' lang='lat' dir='ltr'>scilicet⁴)</span> <span class='ocrx_word' id='word_1_195' title='bbox 1339 3424 1380 3491; x_wconf 91' lang='lat' dir='ltr'>et</span> <span class='ocrx_word' id='word_1_196' title='bbox 1417 3412 1595 3518; x_wconf 88' lang='lat' dir='ltr'>compli-</span> 
     </span>
     <span class='ocr_line' id='line_1_27' title="bbox 191 3532 1593 3639; baseline 0.003 -30"><span class='ocrx_word' id='word_1_197' title='bbox 191 3558 259 3611; x_wconf 89' lang='lat' dir='ltr'>ces</span> <span class='ocrx_word' id='word_1_198' title='bbox 307 3533 368 3612; x_wconf 91' lang='lat' dir='ltr'>sni</span> <span class='ocrx_word' id='word_1_199' title='bbox 418 3532 665 3613; x_wconf 89' lang='lat' dir='ltr'>dernonihus</span> <span class='ocrx_word' id='word_1_200' title='bbox 714 3534 824 3639; x_wconf 86' lang='lat' dir='ltr'>pleni</span> <span class='ocrx_word' id='word_1_201' title='bbox 875 3534 1026 3639; x_wconf 83' lang='lat' dir='ltr'>quibus</span> <span class='ocrx_word' id='word_1_202' title='bbox 1073 3534 1230 3639; x_wconf 87' lang='lat' dir='ltr'>seipsos</span> <span class='ocrx_word' id='word_1_203' title='bbox 1279 3532 1593 3633; x_wconf 73' lang='lat' dir='ltr'>(iudicauerunt,</span> 
     </span>
     <span class='ocr_line' id='line_1_28' title="bbox 191 3653 1594 3762; baseline 0.002 -30"><span class='ocrx_word' id='word_1_204' title='bbox 191 3653 395 3733; x_wconf 90' lang='lat' dir='ltr'>irruerunt</span> <span class='ocrx_word' id='word_1_205' title='bbox 444 3655 481 3734; x_wconf 94' lang='lat' dir='ltr'>in</span> <span class='ocrx_word' id='word_1_206' title='bbox 536 3656 752 3762; x_wconf 85' lang='lat' dir='ltr'>episcopos</span> <span class='ocrx_word' id='word_1_207' title='bbox 795 3670 835 3734; x_wconf 88' lang='lat' dir='ltr'>ct</span> <span class='ocrx_word' id='word_1_208' title='bbox 880 3656 919 3735; x_wconf 97' lang='lat' dir='ltr'>in</span> <span class='ocrx_word' id='word_1_209' title='bbox 969 3682 1113 3736; x_wconf 88' lang='lat' dir='ltr'>omncs</span> <span class='ocrx_word' id='word_1_210' title='bbox 1162 3654 1293 3735; x_wconf 90' lang='lat' dir='ltr'>socios</span> <span class='ocrx_word' id='word_1_211' title='bbox 1342 3680 1498 3756; x_wconf 86' lang='lat' dir='ltr'>eorum,</span> <span class='ocrx_word' id='word_1_212' title='bbox 1551 3670 1594 3735; x_wconf 87' lang='lat' dir='ltr'>et</span> 
     </span>
     <span class='ocr_line' id='line_1_29' title="bbox 191 3773 1591 3883; baseline 0.004 -30"><span class='ocrx_word' id='word_1_213' title='bbox 191 3775 397 3881; x_wconf 81' lang='lat' dir='ltr'>lapidibus</span> <span class='ocrx_word' id='word_1_214' title='bbox 416 3803 485 3856; x_wconf 87' lang='lat' dir='ltr'>cos</span> <span class='ocrx_word' id='word_1_215' title='bbox 504 3773 788 3882; x_wconf 83' lang='lat' dir='ltr'>ol.›rucbant.⁵)</span> <span class='ocrx_word' id='word_1_216' title='bbox 823 3778 974 3858; x_wconf 84' lang='lat' dir='ltr'>Beatus</span> <span class='ocrx_word' id='word_1_217' title='bbox 1007 3804 1105 3858; x_wconf 92' lang='lat' dir='ltr'>vcro</span> <span class='ocrx_word' id='word_1_218' title='bbox 1139 3776 1344 3858; x_wconf 83' lang='lat' dir='ltr'>Gerardus</span> <span class='ocrx_word' id='word_1_219' title='bbox 1367 3775 1591 3883; x_wconf 87' lang='lat' dir='ltr'>episcopus</span> 
     </span>
     <span class='ocr_line' id='line_1_30' title="bbox 190 3892 1592 4005; baseline 0.001 -30"><span class='ocrx_word' id='word_1_220' title='bbox 190 3923 260 3977; x_wconf 90' lang='lat' dir='ltr'>eos</span> <span class='ocrx_word' id='word_1_221' title='bbox 302 3898 372 4002; x_wconf 78' lang='lat' dir='ltr'>&lt;pri</span> <span class='ocrx_word' id='word_1_222' title='bbox 414 3925 457 3979; x_wconf 88' lang='lat' dir='ltr'>se</span> <span class='ocrx_word' id='word_1_223' title='bbox 500 3898 750 4005; x_wconf 84' lang='lat' dir='ltr'>lapidabant,</span> <span class='ocrx_word' id='word_1_224' title='bbox 801 3899 1078 3980; x_wconf 84' lang='lat' dir='ltr'>indesinenter</span> <span class='ocrx_word' id='word_1_225' title='bbox 1119 3900 1234 4003; x_wconf 81' lang='lat' dir='ltr'>signo</span> <span class='ocrx_word' id='word_1_226' title='bbox 1276 3892 1449 4004; x_wconf 78' lang='lat' dir='ltr'>crucis⁰)</span> <span class='ocrx_word' id='word_1_227' title='bbox 1493 3898 1592 3979; x_wconf 92' lang='lat' dir='ltr'>insi·</span> 
     </span>
     <span class='ocr_line' id='line_1_31' title="bbox 189 4017 1593 4127; baseline 0.002 -30"><span class='ocrx_word' id='word_1_228' title='bbox 189 4019 367 4123; x_wconf 85' lang='lat' dir='ltr'>guicbat.</span> <span class='ocrx_word' id='word_1_229' title='bbox 395 4017 532 4100; x_wconf 79' lang='lat' dir='ltr'>Atilii</span> <span class='ocrx_word' id='word_1_230' title='bbox 560 4020 637 4099; x_wconf 92' lang='lat' dir='ltr'>hoc</span> <span class='ocrx_word' id='word_1_231' title='bbox 664 4021 751 4100; x_wconf 83' lang='lat' dir='ltr'>riso</span> <span class='ocrx_word' id='word_1_232' title='bbox 781 4021 907 4125; x_wconf 81' lang='lat' dir='ltr'>magis</span> <span class='ocrx_word' id='word_1_233' title='bbox 934 4020 1142 4102; x_wconf 86' lang='lat' dir='ltr'>seuientes</span> <span class='ocrx_word' id='word_1_234' title='bbox 1169 4021 1370 4127; x_wconf 89' lang='lat' dir='ltr'>impetum</span> <span class='ocrx_word' id='word_1_235' title='bbox 1400 4019 1593 4102; x_wconf 76' lang='lat' dir='ltr'>iecerunt</span> 
     </span>
     <span class='ocr_line' id='line_1_32' title="bbox 190 4139 1590 4250; baseline 0.003 -31"><span class='ocrx_word' id='word_1_236' title='bbox 190 4140 231 4219; x_wconf 96' lang='lat' dir='ltr'>in</span> <span class='ocrx_word' id='word_1_237' title='bbox 274 4168 382 4243; x_wconf 85' lang='lat' dir='ltr'>cum,</span> <span class='ocrx_word' id='word_1_238' title='bbox 428 4157 468 4221; x_wconf 90' lang='lat' dir='ltr'>ct</span> <span class='ocrx_word' id='word_1_239' title='bbox 509 4155 749 4223; x_wconf 86' lang='lat' dir='ltr'>cucrtcrnnt</span> <span class='ocrx_word' id='word_1_240' title='bbox 796 4171 961 4224; x_wconf 88' lang='lat' dir='ltr'>currum</span> <span class='ocrx_word' id='word_1_241' title='bbox 1005 4142 1093 4224; x_wconf 89' lang='lat' dir='ltr'>cius</span> <span class='ocrx_word' id='word_1_242' title='bbox 1137 4143 1176 4223; x_wconf 94' lang='lat' dir='ltr'>in</span> <span class='ocrx_word' id='word_1_243' title='bbox 1221 4143 1352 4249; x_wconf 89' lang='lat' dir='ltr'>ripam</span> <span class='ocrx_word' id='word_1_244' title='bbox 1393 4139 1590 4250; x_wconf 87' lang='lat' dir='ltr'>Danuby,</span> 
     </span>
     <span class='ocr_line' id='line_1_33' title="bbox 191 4262 1591 4370; baseline 0.002 -29"><span class='ocrx_word' id='word_1_245' title='bbox 191 4262 330 4368; x_wconf 90' lang='lat' dir='ltr'>ibique</span> <span class='ocrx_word' id='word_1_246' title='bbox 373 4265 578 4345; x_wconf 88' lang='lat' dir='ltr'>abstracto</span> <span class='ocrx_word' id='word_1_247' title='bbox 627 4291 675 4343; x_wconf 89' lang='lat' dir='ltr'>co</span> <span class='ocrx_word' id='word_1_248' title='bbox 716 4265 767 4344; x_wconf 88' lang='lat' dir='ltr'>dc</span> <span class='ocrx_word' id='word_1_249' title='bbox 811 4292 932 4345; x_wconf 88' lang='lat' dir='ltr'>curru</span> <span class='ocrx_word' id='word_1_250' title='bbox 975 4265 1063 4345; x_wconf 87' lang='lat' dir='ltr'>eius</span> <span class='ocrx_word' id='word_1_251' title='bbox 1095 4265 1137 4344; x_wconf 93' lang='lat' dir='ltr'>in</span> <span class='ocrx_word' id='word_1_252' title='bbox 1178 4263 1273 4367; x_wconf 83' lang='lat' dir='ltr'>biga</span> <span class='ocrx_word' id='word_1_253' title='bbox 1314 4263 1497 4370; x_wconf 89' lang='lat' dir='ltr'>positum</span> <span class='ocrx_word' id='word_1_254' title='bbox 1540 4265 1591 4344; x_wconf 90' lang='lat' dir='ltr'>de</span> 
     </span>
     <span class='ocr_line' id='line_1_34' title="bbox 190 4382 1591 4492; baseline 0.002 -28"><span class='ocrx_word' id='word_1_255' title='bbox 190 4398 330 4465; x_wconf 89' lang='lat' dir='ltr'>monte</span> <span class='ocrx_word' id='word_1_256' title='bbox 373 4382 658 4491; x_wconf 60' lang='lat' dir='ltr'>Kelecnteldb</span> <span class='ocrx_word' id='word_1_257' title='bbox 699 4387 992 4467; x_wconf 86' lang='lat' dir='ltr'>submiserunt.</span> <span class='ocrx_word' id='word_1_258' title='bbox 1042 4386 1168 4492; x_wconf 72' lang='lat' dir='ltr'>(aab)</span> <span class='ocrx_word' id='word_1_259' title='bbox 1212 4386 1263 4466; x_wconf 82' lang='lat' dir='ltr'>Et</span> <span class='ocrx_word' id='word_1_260' title='bbox 1304 4386 1404 4466; x_wconf 88' lang='lat' dir='ltr'>dum</span> <span class='ocrx_word' id='word_1_261' title='bbox 1453 4385 1591 4467; x_wconf 85' lang='lat' dir='ltr'>adhuc</span> 
     </span>
    </p>
   </div>
   <div class='ocr_carea' id='block_1_4' title="bbox 189 4656 1584 4963">
    <p class='ocr_par' dir='ltr' id='par_1_4' title="bbox 189 4656 1584 4963">
     <span class='ocr_line' id='line_1_35' title="bbox 350 4656 1584 4757; baseline -0.001 -23"><span class='ocrx_word' id='word_1_262' title='bbox 350 4658 373 4740; x_wconf 88' lang='lat'>¹)</span> <span class='ocrx_word' id='word_1_263' title='bbox 398 4661 527 4754; x_wconf 78' lang='lat' dir='ltr'>Gyogy.</span> <span class='ocrx_word' id='word_1_264' title='bbox 558 4664 599 4734; x_wconf 77' lang='lat' dir='ltr'>lt.</span> <span class='ocrx_word' id='word_1_265' title='bbox 632 4661 737 4754; x_wconf 68' lang='lat' dir='ltr'>opta</span> <span class='ocrx_word' id='word_1_266' title='bbox 762 4664 829 4734; x_wconf 81' lang='lat' dir='ltr'>VP.</span> <span class='ocrx_word' id='word_1_267' title='bbox 851 4662 959 4757; x_wconf 77' lang='lat' dir='ltr'>Gyog.</span> <span class='ocrx_word' id='word_1_268' title='bbox 987 4665 1026 4736; x_wconf 87' lang='lat' dir='ltr'>V.</span> <span class='ocrx_word' id='word_1_269' title='bbox 1058 4658 1084 4736; x_wconf 78' lang='lat'>²)</span> <span class='ocrx_word' id='word_1_270' title='bbox 1109 4661 1361 4735; x_wconf 83' lang='lat' dir='ltr'>lrcnaaristiam.</span> <span class='ocrx_word' id='word_1_271' title='bbox 1392 4661 1430 4734; x_wconf 76' lang='lat' dir='ltr'>S.</span> <span class='ocrx_word' id='word_1_272' title='bbox 1463 4656 1490 4738; x_wconf 70' lang='grc'>3)</span> <span class='ocrx_word' id='word_1_273' title='bbox 1515 4665 1584 4734; x_wconf 88' lang='lat' dir='ltr'>sta·</span> 
     </span>
     <span class='ocr_line' id='line_1_36' title="bbox 189 4760 1581 4845; baseline 0.001 -8"><span class='ocrx_word' id='word_1_274' title='bbox 189 4770 274 4839; x_wconf 85' lang='lat' dir='ltr'>turc.</span> <span class='ocrx_word' id='word_1_275' title='bbox 312 4766 349 4841; x_wconf 77' lang='lat' dir='ltr'>S.</span> <span class='ocrx_word' id='word_1_276' title='bbox 380 4764 407 4845; x_wconf 59' lang='grc'>61)</span> <span class='ocrx_word' id='word_1_277' title='bbox 446 4765 576 4838; x_wconf 79' lang='lat' dir='ltr'>scilicet</span> <span class='ocrx_word' id='word_1_278' title='bbox 613 4766 733 4839; x_wconf 85' lang='lat' dir='ltr'>Vatha.</span> <span class='ocrx_word' id='word_1_279' title='bbox 774 4766 849 4841; x_wconf 88' lang='lat' dir='ltr'>VP.</span> <span class='ocrx_word' id='word_1_280' title='bbox 888 4768 974 4839; x_wconf 88' lang='lat' dir='ltr'>Vata</span> <span class='ocrx_word' id='word_1_281' title='bbox 1012 4767 1123 4839; x_wconf 75' lang='lat' dir='ltr'>simut</span> <span class='ocrx_word' id='word_1_282' title='bbox 1162 4767 1205 4838; x_wconf 86' lang='lat' dir='ltr'>B.</span> <span class='ocrx_word' id='word_1_283' title='bbox 1246 4760 1271 4845; x_wconf 77' lang='lat'>⁵)</span> <span class='ocrx_word' id='word_1_284' title='bbox 1310 4767 1509 4839; x_wconf 75' lang='lat' dir='ltr'>obruerunt..</span> <span class='ocrx_word' id='word_1_285' title='bbox 1542 4768 1581 4840; x_wconf 87' lang='lat' dir='ltr'>B.</span> 
     </span>
     <span class='ocr_line' id='line_1_37' title="bbox 190 4865 907 4963; baseline 0.004 -23"><span class='ocrx_word' id='word_1_286' title='bbox 190 4865 216 4952; x_wconf 70' lang='lat'>⁰)</span> <span class='ocrx_word' id='word_1_287' title='bbox 241 4870 349 4944; x_wconf 83' lang='lat' dir='ltr'>crucis</span> <span class='ocrx_word' id='word_1_288' title='bbox 378 4870 487 4963; x_wconf 81' lang='lat' dir='ltr'>signo.</span> <span class='ocrx_word' id='word_1_289' title='bbox 520 4865 545 4958; x_wconf 55' lang='grc' dir='ltr'>ἵ)</span> <span class='ocrx_word' id='word_1_290' title='bbox 570 4871 770 4943; x_wconf 82' lang='lat' dir='ltr'>Kcrcnscld.</span> <span class='ocrx_word' id='word_1_291' title='bbox 802 4872 836 4943; x_wconf 85' lang='lat' dir='ltr'>S.</span> <span class='ocrx_word' id='word_1_292' title='bbox 868 4873 907 4943; x_wconf 87' lang='lat' dir='ltr'>V.</span> 
     </span>
    </p>
   </div>
   <div class='ocr_carea' id='block_1_5' title="bbox 0 0 1800 5490">
    <p class='ocr_par' dir='ltr' id='par_1_5' title="bbox 0 0 1800 5490">
     <span class='ocr_line' id='line_1_38' title="bbox 0 0 1800 5490; baseline 0 2"><span class='ocrx_word' id='word_1_293' title='bbox 0 0 1800 5490; x_wconf 95' lang='lat' dir='ltr'> </span> 
     </span>
    </p>
   </div>
  </div>
 </body>
</html>
