3660 5506
888 301 931 367 38

210 517 367 599 dissent
400 517 439 597 in
466 515 733 622 Pannoniam,
753 546 827 626 per
850 546 924 600 sex
948 544 1078 600 annos
1100 544 1243 600 eorum
1260 544 1376 599 arma
1408 530 1450 598 et
1481 543 1620 624 equos

211 639 425 720 meliorare
469 654 732 722 cnrauerunt.
767 643 889 722 Anno
933 638 1123 745 deinde¹)
1165 640 1341 748 septimo
1386 638 1617 721 Morauiam

212 776 253 842 et
283 761 537 864 llohemiam,
571 762 611 842 iu
655 764 807 869 quibus
851 789 899 842 eo
941 777 1126 870 tempore
1168 763 1255 844 dux
1289 761 1516 843 Vratizlaus
1549 789 1618 842 re·

210 910 334 988 gnare
368 883 596 984 videbatur,
630 886 851 966 crudeliter
886 884 1126 991 spoliarunt.
1161 884 1321 966 Exinde
1354 911 1449 965 cum
1483 883 1618 964 vieto-

210 1006 268 1086 ria
300 1006 532 1107 redeuntes,
551 1007 704 1111 treugis
726 1006 920 1088 ordinatis
943 1034 1037 1087 cum
1065 1007 1224 1113 prefato
1247 1006 1353 1087 duce
1387 1031 1470 1087 uno
1502 1031 1617 1087 auno

211 1128 471 1234 quicuerunt.
506 1128 600 1209 Post
633 1128 708 1209 hec
742 1123 1036 1234 Corinthiarn²)
1070 1128 1270 1210 hostiliter
1301 1129 1513 1230 adeuntes,
1547 1127 1617 1208 ul·

209 1266 271 1331 tra
304 1264 481 1331 castrum
527 1247 759 1358 Leopaeht)
803 1252 888 1331 dux
934 1249 1115 1330 hlerauie
1157 1243 1436 1356 Gothfridus⁴)
1479 1249 1617 1330 nomi-

121 1435 122 1439 t
211 1388 343 1475 uatus,
377 1386 418 1452 et
450 1373 536 1453 dux
571 1371 779 1453 Corinthie
820 1368 1121 1478 Bernhardus⁵)
1157 1398 1233 1452 nec
1267 1397 1348 1452 non
1392 1370 1616 1477 Gregorius

210 1491 542 1600 aquilegimsisss)
577 1495 806 1600 patriarcha
840 1495 937 1600 ipsis
966 1510 1209 1575 occurentes
1233 1493 1399 1574 insimul
1423 1493 1618 1574 atrociter

211 1631 519 1721 pugnauerunt·
548 1616 597 1697 Et
630 1617 822 1722 quamuis
855 1643 908 1695 ex
943 1616 1135 1721 hungaris
1179 1616 1317 1721 plures
1351 1614 1408 1696 ihi
1440 1615 1616 1697 cecidis-

209 1751 312 1839 sent,
346 1755 482 1819 tamen
527 1740 671 1819 ambos
712 1738 840 1819 duces
883 1737 1058 1843 hungari.
1097 1737 1348 1839 oeciderunt,
1383 1736 1617 1844 patriarcha

209 1886 306 1940 vero
341 1862 581 1965 perfugam
618 1861 834 1941 euadente.
867 1860 1031 1942 Abiude
1064 1859 1239 1967 spoliata
1271 1858 1481 1940 Corinthia
1512 1855 1615 1939 Car-

211 1977 360 2088 niola⁷)
395 1997 436 2062 et
467 1980 587 2062 Stiria
619 2010 713 2062 cnm
755 1982 936 2062 maxima
966 1982 1096 2089 preda
1126 1997 1225 2064 sunt
1256 1982 1423 2062 reuersi.
1457 1980 1614 2063 Audito

210 2103 332 2210 igitur
364 2103 551 2183 Conrado
584 2103 745 2205 Cesare,
780 2104 890 2211 qrrod
931 2103 1101 2208 hungari
1145 2104 1302 2211 impery
1336 2102 1400 2185 sui
1433 2100 1616 2183 confinia

210 2224 441 2326 intrassent,
486 2225 698 2333 ducesque
742 2239 989 2307 memoratos
1026 2225 1285 2326 occidissent,
1317 2225 1504 2306 decreuit
1540 2249 1614 2304 ve-

210 2347 296 2427 nire
330 2347 370 2427 in
404 2346 671 2451 Hungariam.
704 2347 884 2429 Etcum
927 2348 1082 2430 exisset
1113 2347 1164 2427 de
1196 2346 1316 2428 ltalia
1346 2345 1615 2453 venissetque

210 2468 249 2548 in
287 2471 515 2574 Augustam
550 2468 703 2551 Sueuie
747 2469 970 2571 ciuitatem,
1005 2481 1051 2550 ut
1091 2469 1242 2550 deinde
1284 2470 1323 2549 in
1356 2467 1613 2567 Pannoniam

210 2590 429 2672 inuasurus
471 2590 677 2698 hungaros
728 2592 1020 2693 descenderet3
1063 2592 1169 2672 inter
1212 2617 1404 2672 romanos
1453 2589 1613 2672 bellum

209 2725 449 2817 generatum
493 2726 556 2794 est
600 2713 758 2794 interea
803 2714 1066 2815 intestinum3
1108 2726 1276 2820 propter
1321 2711 1431 2819 quod
1473 2712 1612 2819 ipsum

212 2834 466 2914 retrocedere
500 2837 726 2942 oportebat.
762 2836 873 2916 luter
906 2837 981 2915 hec
1015 2836 1187 2940 hungari
1220 2851 1434 2942 tamquam
1462 2834 1615 2915 immo·

211 2950 352 3062 hiles⁸)
385 2957 503 3039 aunis
535 2957 665 3039 tribus
698 2957 750 3037 ad
785 2957 920 3039 nullas
955 2971 1091 3064 partes
1124 2969 1407 3064 perrexerunt.

365 3114 435 3194 56.
467 3116 589 3193 Anno
623 3131 761 3194 autem
798 3128 944 3220 quarto
978 3109 1192 3218 hungari⁹)
1226 3112 1460 3217 Bnlgariam
1493 3112 1614 3193 inua-

208 3246 361 3336 serunt,
396 3262 449 3314 ex
484 3261 616 3342 eaque
658 3237 897 3317 thesaurum
932 3251 973 3316 et
1004 3230 1265 3340 armenta¹⁰l
1293 3233 1612 3316 innumerabilia

208 3355 493 3458 adduxerunt,
538 3371 669 3440 eastra
712 3359 896 3464 ipsorum
937 3352 1278 3464 occupantes¹¹),
1321 3383 1402 3463 que
1444 3355 1612 3438 domino

209 3477 462 3558 concedente
496 3494 537 3559 et
568 3506 681 3559 nunc
715 3478 869 3560 hahent
895 3493 936 3560 et
969 3478 1190 3586 possident.
1213 3478 1437 3584 Postquam
1470 3489 1610 3558 autern

208 3613 437 3680 memorata
476 3628 603 3706 regna
646 3600 905 3703 deuicerunt,
946 3628 1020 3709 per
1061 3600 1213 3681 Forum
1251 3599 1349 3707 duly
1393 3625 1526 3706 usque
1568 3599 1611 3679 in

208 3721 435 3801 marchiam
477 3717 826 3830 Longobardie¹²)
869 3724 1138 3824 intrauerunt,
1173 3721 1244 3803 ubi
1287 3721 1495 3802 ciuitatem
1535 3719 1611 3802 Pa·

209 3842 333 3925 duam
377 3843 472 3948 igne
513 3860 555 3925 et
593 3844 728 3950 gladio
772 3858 1132 3952 consumpserunt.
1166 3843 1230 3924 Ex
1274 3842 1370 3923 hinc
1412 3841 1612 3925 intrantes

209 3960 601 4073 Longobardiam¹³)
645 3966 828 4075 Lynthar
858 3966 1091 4048 Vercelline
1134 3964 1311 4047 ciuitatis
1354 3963 1610 4071 episcopum,

208 4087 467 4194 imperatoris
499 4087 639 4169 Karoli
672 4088 951 4170 consiliarium
994 4088 1239 4171 fidissimum
1273 4086 1521 4188 occidentes,
1555 4113 1611 4167 ex

206 4207 337 4315 ipsius
370 4209 545 4292 eeclesia
576 4209 816 4292 thesaurum
859 4210 1090 4291 maximum
1123 4220 1363 4316 rapuerunt,
1395 4219 1611 4315 totamque

368 4478 392 4574 ¹)
416 4482 532 4578 igitur.
563 4484 604 4558 Α.
643 4485 765 4558 deinde
793 4486 891 4559 VIlI.
922 4487 962 4560 V.
994 4479 1020 4565 ²)
1060 4484 1283 4559 carinthiam.
1320 4477 1346 4570 ³)
1376 4485 1510 4579 leopah.
1540 4483 1612 4557 dux

208 4587 370 4663 llorauie.
399 4590 441 4662 V.
471 4582 499 4678 ⁴)
523 4589 768 4683 ‚Ghuthfridus
809 4587 846 4663 S.
878 4584 905 4669 ὗ)
929 4590 1157 4663 Eberhardus.
1190 4584 1216 4667 ¹³)
1241 4588 1438 4682 Aquilegic.
1479 4582 1506 4670 'l
1529 4588 1612 4662 (lor-

209 4692 312 4768 niola.
341 4694 413 4767 VP.
442 4692 611 4768 Oariuola.
643 4692 680 4768 S.
712 4687 739 4772 8)
763 4693 993 4768 immohihter.
1016 4688 1043 4775 ⁹)
1067 4715 1132 4767 orn.
1162 4695 1203 4765 B.
1237 4689 1278 4774 ¹⁰)
1298 4715 1402 4766 arma.
1420 4694 1490 4766 VP.
1516 4687 1557 4774 ¹¹)
1576 4696 1614 4766 et

209 4797 366 4872 ciuitates
394 4820 510 4872 eorum
551 4798 777 4870 destruentes.
807 4797 883 4871 add.
917 4793 959 4880 ¹²)
991 4796 1189 4872 lombardie.
1219 4796 1257 4871 S.
1292 4791 1331 4877 ¹⁸)
1360 4793 1612 4872 hembardiem.
