3592 5490
825 368 981 471 Q

201 614 414 696 ganorunr.
448 587 663 697 episcopos
696 587 902 688 occulere,
953 587 1212 693 presbyteros
1245 604 1488 671 exenterare
1523 588 1605 671 cle·

201 713 306 794 ricos
339 713 592 817 strangulare
626 723 703 791 etc.
736 708 823 817 Hys
855 709 1004 789 auditis
1038 710 1299 793 contristatus
1332 727 1394 794 est
1425 738 1523 813 rex,
1566 727 1606 793 et

201 834 349 941 petiuit
389 834 575 915 inducias
624 833 746 915 trium
789 831 949 912 dierum
997 829 1048 910 ad
1082 831 1408 915 deliberandum.
1456 834 1603 915 Tereia

201 957 404 1063 siquidem
439 957 504 1037 die
547 983 642 1035 cum
685 955 802 1061 plebs
851 967 1090 1059 expectaret
1132 981 1399 1061 responsum,
1451 956 1605 1038 milites

201 1078 346 1159 armati
378 1105 430 1157 ex
464 1091 660 1186 precepto
693 1075 797 1180 regis
830 1075 1034 1156 irruerunt
1065 1102 1191 1182 super
1223 1078 1410 1183 plebem,
1455 1105 1606 1185 prepo-

200 1200 286 1281 sitis
320 1199 501 1281 contritis
534 1226 582 1280 ac
614 1198 781 1304 reliquis
832 1197 962 1301 ligatis
1003 1209 1044 1276 et
1079 1199 1302 1280 verberatis
1345 1227 1393 1281 ac
1444 1201 1591 1283 occisis

200 1322 303 1402 Bina
335 1347 430 1426 ergo
463 1323 552 1402 vice
585 1347 609 1401 a
641 1319 860 1401 christiana
886 1318 1238 1401 firlececiderunt.
1276 1321 1485 1402 llelavero
1504 1350 1605 1403 curn

200 1443 243 1524 iu
276 1441 431 1524 Dentes
465 1458 572 1525 esset
605 1442 863 1541 constitutus3
897 1439 1045 1522 solium
1078 1442 1213 1545 rogale
1247 1444 1409 1543 corruit,
1442 1456 1484 1524 et
1519 1444 1608 1550 ipse

200 1566 432 1646 confractus
466 1591 634 1672 corpore
670 1563 892 1667 egrotabat.
928 1561 1091 1642 Deinde
1110 1564 1341 1669 migrauita
1367 1564 1528 1666 seculo,
1568 1582 1610 1646 et

199 1687 388 1794 sepultus
421 1703 484 1769 est
509 1688 549 1767 in
579 1684 825 1767 monasterio
857 1684 1049 1789 Zugzarrl,
1084 1686 1193 1790 quod
1228 1687 1316 1792 ipse
1342 1687 1607 1768 fundauerat.

380 1961 450 2040 De
478 1958 683 2040 aduentu
710 1959 1001 2061 imperatoris
1028 1979 1133 2038 oum
1161 1957 1419 2042 Salomone.

357 2174 426 2254 42.
453 2173 607 2254 Audita
634 2186 763 2252 morte
789 2170 887 2252 Bele
910 2199 984 2252 rex
1013 2171 1205 2253 Salomon
1235 2175 1394 2279 rogauit
1425 2173 1610 2281 impera·

199 2310 343 2397 torem,
369 2310 417 2376 ut
444 2321 618 2399 regnum
646 2294 723 2376 sibi
741 2293 984 2375 restitueret.
1031 2293 1258 2400 Imperator·
1290 2297 1467 2377 eundem
1504 2323 1606 2378 cum

200 2417 384 2498 exercitu
412 2417 454 2497 in
471 2416 722 2521 Hungariarn
758 2416 887 2496 duxit.
922 2415 1086 2496 Interim
1109 2418 1246 2525 (lcyza
1263 2417 1370 2500 lilius
1389 2417 1486 2497 Bele
1506 2446 1606 2498 curn

198 2539 390 2621 fratribus
422 2539 507 2620 suis
540 2538 695 2644 recepit
733 2564 776 2615 sc
819 2538 857 2617 in
902 2538 1130 2639 l'oloniam,
1179 2540 1276 2645 quia
1319 2567 1400 2621 uon
1444 2554 1611 2646 poterat

198 2661 417 2768 imperium
439 2660 669 2741 Salomonis
702 2673 743 2738 et
774 2659 1076 2740 teutonicorum
1110 2663 1325 2742 sustinere.
1359 2661 1448 2742 llex
1480 2661 1609 2767 igitur

196 2781 391 2864 Salomon
440 2783 554 2863 veuit
596 2782 634 2862 in
679 2781 852 2884 Albam,
902 2782 957 2862 ibi
997 2783 1050 2864 ab
1083 2783 1193 2862 omni
1229 2784 1337 2864 clero
1371 2798 1413 2863 et
1444 2785 1606 2891 populo

195 2905 327 2986 tocius
360 2904 569 3010 Hungarie
603 2903 823 2985 honorifice
857 2920 920 2986 est
951 2919 1181 3010 susceptus.
1229 2905 1507 2987 (loncionatus
1542 2922 1609 2987 est

196 3041 334 3107 autern
354 3027 575 3134 imperator
592 3052 665 3134 pro
691 3054 791 3129 rege
802 3024 1022 3106 Salomone
1055 3026 1103 3106 ad
1129 3026 1353 3130 uniuersos,
1389 3042 1430 3107 et
1452 3054 1604 3133 pacem

195 3150 396 3250 firmauit,
435 3163 532 3230 eta
571 3176 666 3253 rege
710 3161 997 3230 remuneratus
1038 3148 1087 3227 acl
1133 3150 1296 3256 propria
1337 3150 1499 3249 rediuit,
1542 3150 1605 3230 Eo

196 3298 292 3352 vero
340 3271 558 3352 recedente
603 3272 739 3377 Geysa
780 3271 818 3349 in
853 3269 1106 3375 Hungariam
1155 3272 1279 3351 venit.
1320 3271 1409 3352 Rex
1458 3285 1602 3353 auteur

194 3392 387 3473 Salomon
424 3421 525 3481 ¹cum
566 3393 702 3473 adhuc
744 3420 878 3475 nouus
920 3406 1029 3474 esset
1070 3406 1111 3473 et
1152 3393 1334 3475 noudum
1369 3394 1601 3497 roboratuS,

194 3516 344 3597 timens
378 3544 430 3596 ne
463 3517 599 3624 Geysa
631 3542 725 3596 cum
761 3516 946 3596 exercitu
984 3541 1059 3595 suo
1102 3516 1291 3623 polonico
1333 3542 1459 3623 super
1500 3543 1600 3598 eum

194 3638 387 3740 irrueret,
436 3638 667 3720 retrocessit
714 3638 754 3717 in
802 3655 982 3719 castrum
1024 3635 1187 3719 Musun.
1224 3637 1418 3745 Episcopi
1454 3652 1601 3719 autem

192 3787 270 3868 pys
303 3760 640 3865 instigaciouibus
673 3759 850 3867 Geysam
886 3760 1142 3840 induxerunt
1181 3775 1228 3841 ut
1262 3787 1408 3868 pacem
1454 3787 1600 3844 serua·

192 3898 265 3984 ret,
300 3897 341 3962 et
372 3881 570 3962 ducatum
603 3881 812 3985 Hungarie
844 3883 1069 3989 acciperet3
1112 3882 1221 3988 quod
1257 3897 1298 3962 et
1328 3883 1485 3964 facturn
1521 3896 1599 3965 est.

196 4004 319 4084 etde
352 4005 544 4085 manibus
576 4003 705 4110 ipsius
730 4006 865 4112 Geyse
897 4032 971 4084 rex
998 4003 1039 4082 in
1066 4003 1446 4112 Qninqueeeclesys
1479 4030 1598 4086 coro-

191 4140 334 4228 natur,
384 4142 426 4205 et
464 4126 573 4205 lacta
615 4139 676 4206 est
717 4127 852 4206 leticia
894 4152 1043 4229 magna
1083 4127 1123 4207 in
1162 4130 1330 4234 populo,
1366 4127 1496 4207 Nocte
1529 4155 1597 4209 se·

192 4249 335 4354 quenti
371 4247 565 4346 ecclesia,
618 4247 778 4354 palacia
818 4248 957 4327 omnia
999 4274 1093 4329 cum
1123 4249 1290 4358 edificys
1323 4249 1499 4331 annexis
1532 4277 1596 4330 re·

190 4370 360 4477 pentina
407 4368 574 4449 flamma
617 4370 902 4476 corripiuntur.
959 4368 1048 4449 Rex
1102 4385 1142 4450 et
1191 4372 1274 4452 dur.
1312 4371 1486 4453 'attoniti
1541 4373 1596 4452 ob

191 4494 447 4598 inopinatum
488 4491 747 4594 incendium,
791 4493 830 4572 in
865 4493 973 4573 bona
1010 4517 1112 4599 pace
1145 4509 1453 4596 conuenerunt,
1497 4508 1596 4575 eta

191 4642 284 4719 rege
324 4613 537 4694 Dalmacie
580 4615 709 4718 rogati
753 4617 792 4693 in
839 4615 1068 4695 subsidium
1119 4615 1207 4696 eius
1255 4617 1504 4698 transierunt
1552 4635 1594 4697 et

190 4750 465 4818 reuertuntur.
517 4735 604 4815 Rex
639 4748 777 4817 autem
816 4736 1030 4838 Salomon,
1070 4751 1111 4816 et
1151 4735 1284 4817 David
1333 4739 1459 4819 frater
1502 4739 1592 4821 eius

189 4859 339 4942 liberos
371 4885 453 4940 non
488 4858 734 4941 babuerunt.
782 4858 918 4968 Geysa
957 4884 1054 4939 vero
1101 4858 1243 4965 genuit
1285 4857 1589 4944 Colomannum
