3592 5490
741 347 896 448 -mass

119 560 206 655 (De
224 560 525 642 coronacione
553 558 831 641 exercitibus
858 557 1017 639 multis
1040 563 1087 638 ct
1105 554 1163 638 de
1181 556 1281 636 vlta
1299 557 1347 636 ct
1373 556 1521 636 morte

392 699 520 803 regts
547 697 767 782 ἱοᾱοιιίοί
795 699 877 780 fllll
905 699 1032 803 regis
1058 697 1251 791 Kar-ult)

280 948 378 1030 149.
420 949 542 1055 (aaa)
588 947 747 1031 Mortuo
789 950 1078 1057 tunmlatoquc
1120 948 1294 1055 glorioso
1338 941 1522 1054 principe

118 1071 288 1153 domino
321 1070 471 1152 Karolo
505 1098 599 1177 rcgc
633 1071 854 1179 Hungarie,
887 1073 974 1153 dux
1017 1071 1250 1153 Lmlouicus
1293 1069 1401 1150 filius
1434 1065 1522 1148 eius

119 1193 312 1301 sequenti
344 1193 411 1273 die
444 1193 650 1274 dominico
692 1196 895 1302 proximo,
931 1194 969 1274 in
1005 1195 1106 1277 urbe
1140 1193 1248 1275 Albe
1281 1190 1439 1298 regalis,
1472 1187 1524 1268 de

120 1327 364 1422 magnatum
407 1342 625 1423 procerum
673 1318 872 1399 baronum
919 1317 1093 1399 militum
1133 1343 1182 1397 ac
1215 1308 1524 1396 communitatis

121 1438 324 1520 nobilium
358 1436 471 1544 regni
506 1437 944 1544 Hnngariercluntate
978 1439 1175 1541 unanimi,
1194 1451 1235 1519 et
1257 1437 1399 1519 fauore
1432 1459 1525 1541 pre·

122 1561 308 1663 cedente,
343 1560 605 1668 presentibus
638 1560 805 1644 domina
847 1562 1057 1644 Elizabetb
1101 1573 1230 1642 matre
1264 1560 1352 1641 eius
1385 1556 1526 1662 regina

122 1683 334 1790 Hungarie
359 1711 408 1764 ac
440 1682 607 1764 ‹lomino
645 1682 804 1766 'l'lmnra
838 1679 1071 1793 nayuoda')
1104 1682 1407 1782 'l'ranssilnano‚
1441 1677 1525 1758 l)o·

122 1806 275 1887 minico
308 1804 505 1887 Villerrno
538 1805 731 1914 palatine,
766 1808 997 1915 ceterisque
1031 1805 1258 1888 iamdictis
1302 1801 1525 1886 baronibus

123 1956 171 2010 ac
215 1928 329 2035 regni
375 1928 583 2011 nobilibus
630 1929 834 2012 uniuersis
881 1930 1148 2036 congregatis,
1193 1956 1267 2036 per
1308 1925 1525 2007 dominum

124 2050 412 2133 Cbanadinum
448 2051 806 2159 archiepiscopum
832 2052 1167 2158 Strigonicnsem,
1186 2049 1416 2133 astantibus
1448 2045 1527 2128 sibi

126 2172 303 2255 dominis
336 2172 552 2281 episcopis,
586 2173 742 2256 scilicet
770 2174 939 2256 Nicolao
958 2174 1157 2280 Agricnsi,
1177 2173 1365 2255 ladislao
1398 2169 1528 2265 Quin-

128 2295 464 2404 queecclesiensi,
498 2295 617 2377 Petro
650 2293 929 2404 Symniensi2)
965 2297 1101 2378 Fratre
1136 2295 1229 2377 Vito
1261 2292 1466 2394 Nitriensi,
1489 2305 1530 2371 et

129 2419 355 2501 Laurencio
388 2417 588 2501 Bonnensi
623 2447 718 2501 cum
753 2420 1013 2501 solemnitate
1048 2446 1197 2525 magna
1229 2440 1268 2499 et
1301 2416 1429 2522 gloria
1461 2440 1530 2494 co·

130 2568 227 2624 rona
260 2541 392 2623 sancti
433 2541 538 2648 regis
582 2541 778 2649 Stephani
823 2558 1042 2624 coronatus
1076 2557 1148 2625 cst.
1182 2541 1361 2622 Etcum
1395 2538 1530 2619 eidem

131 2663 300 2771 genitori
335 2664 475 2746 sucin
500 2665 611 2770 regni
646 2665 747 2747 solio
781 2666 867 2747 iure
901 2681 1046 2746 nature
1080 2664 1219 2746 debito
1252 2660 1531 2760 successisset,

132 2815 178 2868 ac
213 2787 253 2867 in
296 2786 467 2868 iuuenili
510 2785 607 2867 flore
644 2816 813 2894 regnare
835 2789 1068 2897 incepisset,
1093 2787 1350 2869 natiuitatern
1386 2784 1532 2865 iuuen-

133 2910 207 2991 tuti
242 2909 464 3016 prelerens,
493 2910 715 2992 crescendo
751 2911 857 2992 bone
887 2912 1038 3018 indolis
1073 2909 1248 3009 iuuenis,
1270 2904 1532 2989 discrecionis

134 3033 332 3113 rationem
365 3030 630 3138 amplexatus
663 3033 819 3135 luisset,
855 3060 1004 3138 triagno
1039 3034 1235 3114 virtutum
1271 3030 1401 3111 creuit
1433 3054 1534 3133 aug·

133 3167 284 3235 mente.
306 3152 590 3236 Reminiscens
624 3155 720 3262 quia
753 3155 871 3236 multi
906 3156 979 3237 viri
1013 3157 1137 3237 fortes
1172 3180 1243 3261 pro
1278 3152 1408 3259 patria
1440 3177 1533 3233 san·

132 3278 298 3382 guinem
333 3303 455 3358 suurn
490 3277 749 3359 fundendum
771 3305 861 3360 esse
876 3273 1218 3384 (etmdixemnt,
1252 3302 1329 3356 nec
1360 3273 1534 3355 fundere

133 3399 441 3502 dubitauerunt,
461 3425 544 3505 quo
576 3400 747 3506 gloriam
782 3400 912 3480 eciam
948 3401 1057 3507 apud
1083 3413 1269 3507 posteros
1303 3417 1395 3504 post
1428 3421 1535 3475 mor·

133 3536 215 3602 tem
252 3520 472 3602 haberent:
507 3521 684 3625 cogitare
718 3523 839 3630 cepit,
874 3540 915 3602 et
948 3523 988 3603 in
1021 3523 1159 3602 animo
1192 3521 1410 3619 discutere,
1433 3543 1536 3624 qno·

135 3643 256 3724 modo
290 3655 331 3722 et
367 3643 544 3749 qualiter
576 3644 664 3726 iura
698 3645 808 3750 regni
852 3645 928 3743 sni,
965 3673 1037 3751 per
1079 3643 1262 3724 confines
1306 3640 1463 3722 vicinos
1497 3652 1538 3719 et

136 3765 339 3872 principes
374 3781 588 3872 occupata,
622 3793 670 3847 ac
693 3794 767 3873 per
788 3768 964 3849 rebelles
996 3794 1070 3848 sen
1108 3765 1294 3846 infideles
1327 3763 1378 3843 de
1412 3786 1537 3868 regno

138 3886 352 3968 temeraria
385 3891 703 3996 presumpcione
737 3890 777 3970 in
813 3889 1084 3996 preiudicium
1124 3915 1238 3970 sacre
1273 3911 1421 3966 corone
1456 3883 1537 3966 dis·

140 4023 264 4091 tracta
296 4026 338 4090 ct
370 4025 566 4119 usurpata
586 4013 638 4092 acl
658 4026 812 4094 statum
845 4012 1030 4093 ‹lebitnm
1055 4011 1197 4092 diuino
1220 4010 1348 4090 fretus
1381 4005 1537 4089 auxilio

142 4148 362 4236 reuocaret,
396 4147 438 4213 et
470 4134 599 4215 eciam
634 4134 910 4240 reintegraret.

142 4336 344 4348 w

297 4427 321 4511 ¹)
344 4430 507 4524 voyuoda.
539 4423 566 4508 ²)
591 4428 792 4523 Syrmiensi.
