3592 5490
172 116 363 198 fortuna
385 117 581 198 vertibilis
614 144 760 198 auersa
793 119 896 199 fercie
922 116 1170 198 valefaciens
1204 128 1317 220 terga
1351 115 1482 216 vertit,
1501 115 1598 224 quia

165 239 384 344 undique
432 238 552 320 bellis
602 240 909 344 insurgentibus
954 264 1030 321 sua
1073 237 1290 344 expedicio
1334 238 1597 340 vincebatur3

146 361 352 467 pedum
387 360 520 441 eeianr
553 388 602 442 ac
636 388 836 443 uranuurn
870 363 1009 444 dolore
1043 360 1169 441 nimio
1181 355 1210 467 ¹)
1232 360 1512 468 torquebatur.

304 670 391 773 (De
425 692 586 775 pugna
616 672 744 777 regis
780 679 943 754 contra
977 668 1195 752 Bazaratl
1226 668 1493 774 voyuodam

687 795 982 877 vlachorum.
1012 791 1097 888 Β.)

357 1008 455 1088 140.
488 1007 594 1088 Nam
627 1035 736 1089 anno
770 1010 914 1090 eodem
943 1009 1276 1116 qquelicianus
1310 1008 1475 1114 indigne
1508 1035 1595 1089 rne-

119 1152 161 1204 ι
188 1128 325 1210 norie
358 1142 487 1237 peryt‚
506 1129 699 1211 videlicet
730 1158 839 1212 anno
873 1131 1028 1211 dornini
1062 1130 1281 1212 urillesirno
1315 1129 1594 1213 tricentesimo

107 1251 415 1351 tricesimo,
444 1278 541 1333 cum
575 1279 648 1332 rex
684 1254 897 1359 copiosum
932 1254 1162 1334 exercituin
1192 1265 1491 1358 congregasset,
1510 1278 1593 1333 non

114 1384 334 1453 tamen
369 1388 501 1454 toturn
545 1400 668 1455 suurn
710 1376 831 1482 (oda)
872 1402 1006 1483 posse,
1040 1375 1138 1482 quia
1169 1374 1221 1455 ad
1263 1374 1441 1455 confinia
1481 1375 1595 1480 regni

116 1495 256 1577 Sui
292 1495 332 1574 in
367 1495 552 1578 diuersas
594 1498 889 1603 expediciones
931 1511 1072 1578 eontra
1111 1497 1368 1578 aduersarios
1406 1496 1592 1586 eiusdem

123 1618 309 1723 regui
358 1617 686 1724 quamplurimos
735 1620 1014 1702 destinauerat
1061 1632 1332 1725 pugnatores3
1384 1618 1471 1725 ipse
1521 1643 1595 1725 per

115 1736 358 1821 Zeurinr
392 1740 430 1819 in
465 1767 609 1821 mense
646 1739 900 1847 Septembris
943 1741 1151 1823 transtulit
1182 1767 1226 1821 se
1258 1740 1298 1820 in
1332 1755 1482 1820 terram
1514 1739 1593 1821 Ba·

125 1861 315 1943 zarad
348 1862 538 1970 voyuode
570 1862 784 1944 ulaeorurn
796 1860 840 1970 ³),
863 1863 915 1944 ad
948 1856 1272 1967 inductionernl)
1306 1859 1491 1969 Dionysy
1524 1861 1594 1968 fily

118 1980 409 2089 ..joannes
446 1981 537 2078 Quo
580 1997 688 2065 terra
721 1999 783 2066 est
823 1985 1102 2066 inhabitabilis
1145 1984 1257 2089 genti
1289 1983 1440 2088 ignote,
1474 1997 1516 2064 et
1549 1999 1595 2065 ut

125 2108 243 2187 (le
288 2105 378 2212 ipsa
418 2118 525 2186 terra
567 2107 703 2212 ipsurn
747 2106 925 2189 Bazarad
969 2134 1042 2187 rex
1086 2105 1326 2213 expelleret,
1370 2117 1442 2185 aut
1483 2118 1593 2187 certe

137 2244 346 2309 terrani
380 2227 508 2334 ipsius
531 2229 602 2308 uni
624 2228 806 2335 ipsorurn
841 2229 1132 2310 insultanciurn
1168 2227 1347 2308 traderet
1378 2227 1594 2333 possiden·

138 2352 314 2447 ‹lanr3
355 2376 450 2429 curn
494 2366 632 2430 tarnen
677 2352 764 2457 ipse
807 2352 997 2458 princeps
1040 2378 1209 2431 censurn
1252 2348 1440 2430 debitum
1482 2350 1593 2454 regie

144 2471 400 2552 lnaiestati
441 2498 607 2578 sernper
650 2473 823 2553 fideliter
867 2472 1145 2579 persoluisset.
1188 2469 1293 2553 Cum
1337 2484 1477 2550 autem
1518 2496 1593 2551 rex

138 2588 400 2698 Zeurirn⁰)
444 2608 484 2673 et
527 2608 706 2676 castrurn
750 2594 878 2701 ipsius
921 2594 1144 2700 recepisset
1186 2590 1386 2699 Dionysio
1428 2590 1594 2672 tradidit

159 2729 426 2795 nnernorato
459 2715 598 2795 onuria
631 2744 726 2796 cunr
761 2716 957 2821 dignitate
992 2718 1179 2798 lnrrratus.
1202 2713 1293 2808 Quo
1326 2714 1434 2793 facto
1466 2711 1592 2793 Baza-

156 2837 266 2917 rad
311 2837 394 2940 regi
436 2837 495 2916 sic
538 2837 750 2919 rnarnlauit
790 2839 963 2918 nuncios
1007 2866 1079 2944 per
1121 2837 1334 2917 honestos:
1376 2831 1483 2928 Quia
1519 2859 1592 2915 vos

162 2958 365 3039 ‹lonrine
398 2960 452 3037 nri
488 2985 558 3039 rex
595 2959 807 3041 laborastis
836 2961 874 3039 in
909 2961 1206 3040 conuocaticne
1240 2955 1592 3055 exercituslabo·

176 3105 284 3161 reni
325 3094 507 3161 restrurn
553 3083 890 3189 recompensabo,
929 3097 1089 3187 septeni
1137 3079 1320 3160 millibus
1361 3103 1604 3159 nrarcarurn-

178 3202 377 3306 augenti3
411 3201 542 3307 ipsarn
571 3204 701 3283 eeiarn
723 3204 884 3284 Zeurirn
904 3232 997 3284 enin
1023 3203 1107 3284 suis
1126 3203 1356 3307 attinencys
1380 3225 1462 3306 que
1481 3227 1593 3281 nune

184 3321 360 3404 habetis
393 3350 464 3429 pre
488 3325 678 3406 inanibus
711 3352 785 3431 per
816 3326 1063 3431 potenciam,
1084 3323 1253 3431 pacifice
1271 3320 1389 3402 vobis
1422 3321 1592 3422 tradam,

188 3444 369 3551 insuper
405 3472 575 3526 eensnnr
611 3472 693 3553 quo
730 3464 874 3526 teneor
909 3460 1043 3528 vestre
1082 3472 1231 3527 corone
1278 3442 1453 3524 fideliter
1500 3471 1593 3550 per-

189 3567 304 3648 solui
344 3567 494 3647 laciarn
528 3568 639 3648 ornni
673 3595 793 3648 anno.
834 3567 885 3647 Et
918 3568 1207 3648 nichilominus
1239 3593 1372 3648 unum
1405 3591 1460 3644 ex
1502 3565 1593 3674 filys

191 3691 301 3770 ineis
320 3702 455 3771 vestre
490 3690 601 3770 curie
634 3690 684 3769 ad
719 3689 985 3771 seruiendum
1020 3689 1229 3795 deputabo
1255 3716 1350 3769 eum
1384 3686 1488 3769 meis
1521 3713 1594 3794 pe-

194 3836 329 3919 cunys
361 3823 402 3890 et
434 3811 642 3918 expensis,
677 3811 964 3892 tantummodo
1008 3810 1259 3891 reuertirnini
1290 3810 1331 3891 in
1364 3835 1468 3919 pace
1502 3835 1593 3891 ves·

193 3946 268 4033 tra,
304 3946 345 4012 et
376 3959 643 4038 personarum
688 3929 911 4039 perieula⁷)
954 3946 1187 4039 precauete,
1221 3932 1292 4038 qui
1333 3932 1368 4013 si
1400 3931 1594 4013 veneritis

194 4106 345 4115 —-—--.-
352 4105 399 4112 ..-

354 4171 378 4255 1)
406 4173 558 4247 niarium.
570 4174 645 4247 VP.
668 4168 694 4256 ⁹)
723 4177 771 4247 Dc
791 4176 956 4247 bazaarad
977 4176 1148 4247 olacorunr
1167 4176 1266 4247 bano.
1288 4172 1328 4246 Α.
1351 4167 1377 4249 ³)
1406 4173 1591 4267 noyauode.

196 4279 230 4355 S.
251 4277 280 4363 ⁴)
308 4280 438 4352 'l'hotne
456 4279 607 4373 royuorle
626 4278 830 4351 transiluani
851 4284 885 4352 et
904 4278 1071 4372 Dyonisii.
1092 4279 1169 4352 add.
1192 4279 1261 4350 VP.
1283 4278 1310 4350 Α
1345 4284 1379 4352 et
1398 4280 1431 4351 S.
1454 4274 1481 4359 5)
1505 4279 1593 4355 Jan·

198 4384 266 4460 cha.
287 4384 358 4457 VP.
383 4378 409 4463 ¹³)
434 4382 589 4456 scenrirn.
619 4382 656 4457 S.
678 4386 842 4457 Zenuren.
865 4385 905 4456 l’.
928 4379 954 4465 Ἰ)
982 4383 1152 4478 periculis.
