3660 5506
882 301 925 367 36

206 517 374 628 (leyche
406 517 523 625 regis,
546 518 617 626 qui
650 518 905 602 Dalmaticos
937 517 1186 624 subiugauit‚
1206 517 1245 598 in
1280 515 1492 599 Pannonia
1521 502 1615 598 ¹col-

206 637 449 748 locantur¹).

364 799 432 880 49.
469 797 695 879 Hermanni
731 801 861 879 eciam
895 798 1111 904 generacio
1146 826 1240 878 curn
1283 798 1424 904 regina
1457 797 1616 905 lleysla

210 920 405 1002 introiuit.
440 920 573 1003 Liberi
615 920 803 1002 homines
839 935 938 1003 sunt
981 921 1032 1001 de
1072 914 1363 1027 Nnrunberg²)
1404 919 1615 1000 heredita·

208 1043 318 1126 tibus
350 1069 569 1152 pauperes

364 1199 434 1283 50.
468 1199 530 1282 De
572 1200 843 1306 generacione
886 1200 1054 1307 quidem
1100 1200 1236 1281 Buzad
1279 1213 1342 1281 est
1373 1200 1616 1281 dicendum.

207 1321 342 1405 Huius
375 1323 485 1404 enim
527 1323 742 1429 generacio
784 1350 860 1430 per
897 1350 1035 1428 regem
1081 1321 1338 1430 Stephanum
1382 1318 1511 1404 filium
1546 1348 1617 1404 se·

209 1445 333 1526 cundi
367 1445 466 1526 Bele
500 1446 539 1526 in
572 1445 825 1551 Hungariam
870 1445 1089 1526 adducitur
1129 1445 1169 1524 in
1214 1445 1462 1527 adiutorium
1506 1445 1618 1550 regis

210 1568 438 1648 memorati.
472 1567 535 1648 Ex
570 1567 790 1649 comitibus
834 1567 942 1647 enim
977 1568 1029 1647 de
1071 1563 1341 1674 Orlernnnd³)
1385 1580 1492 1649 sunt.
1529 1566 1619 1647 Pri-

211 1717 303 1772 mus
347 1690 456 1770 enim
501 1691 572 1798 qni
606 1689 719 1770 vinti
761 1685 981 1796 rradottnt)
1026 1703 1087 1771 est
1126 1703 1309 1792 vocatus,
1343 1690 1462 1771 euius
1504 1689 1619 1771 filius

211 1811 397 1892 similiter
429 1810 549 1919 (tta)
585 1811 763 1893 Hadolth
797 1827 837 1892 et
871 1812 1091 1893 hruoldus.
1116 1812 1174 1891 hx
1207 1813 1292 1893 istis
1325 1813 1436 1915 origo
1471 1839 1619 1919 proce·

212 1934 271 2014 dit
302 1934 439 2015 lluzad
485 1934 593 2016 bani.
630 1935 704 2015 llic
750 1934 859 2014 enirn
904 1934 1082 2013 Hadolth
1128 1931 1265 2039 0111115)
1310 1935 1486 2041 exprimi
1530 1961 1617 2014 uon

213 2057 356 2163 potuit,
399 2052 751 2162 paralogizando⁰)
796 2052 1016 2162 llodolth⁷)
1059 2057 1218 2136 dicitnr
1252 2057 1479 2136 Generaeio
1523 2059 1621 2162 qui·

211 2179 305 2258 dein
341 2176 482 2259 Chaak
515 2207 610 2260 cum
653 2180 740 2287 alys
774 2179 1023 2286 quibusdam
1068 2179 1410 2282 generaeienihus
1452 2179 1622 2286 conspi-

212 2296 414 2407 rauerat⁸)
448 2316 590 2382 eontra
622 2302 744 2382 istum
774 2329 924 2405 regern,
944 2328 1047 2408 quas
1077 2329 1148 2407 per
1182 2297 1404 2408 llutloltlr⁹)
1424 2313 1464 2381 et
1495 2328 1620 2382 snam

213 2422 427 2525 miliciam,
471 2450 595 2531 qnam
642 2452 735 2504 (enm
784 2424 870 2532 ipso
918 2416 1224 2528 adduxeram)
1268 2424 1418 2504 dieitur
1465 2424 1623 2504 contri·

211 2540 401 2653 uisse¹¹).

371 2703 441 2789 51.
486 2700 684 2810 Stephani
728 2703 902 2783 Ladizlai
949 2717 990 2783 et
1037 2705 1217 2812 Gregory
1261 2704 1439 2784 filiorum
1483 2701 1622 2783 Keled

214 2823 406 2931 prosapia
438 2824 488 2905 de
522 2825 736 2933 prouincia
773 2820 982 2933 Mysne¹²)
1025 2839 1160 2907 ortnm
1206 2827 1342 2907 habet.
1380 2824 1622 2932 Stephanus

215 2946 324 3026 enirn
358 2945 467 3028 fitius
500 2941 639 3054 fuit¹³)
674 2942 968 3055 hlysnensis¹⁴)
1004 2949 1250 3030 marchionis
1282 2943 1454 3054 filins¹⁵)
1489 2947 1622 3027 eomi-

214 3069 265 3149 tis
298 3066 502 3174 Marourgi
535 3068 586 3149 de
618 3065 864 3175 Halotum),
899 3070 969 3176 qni
1007 3071 1142 3152 occiso
1184 3070 1377 3175 Turingie
1421 3070 1622 3174 Lantgra·

214 3189 284 3272 uio
317 3190 356 3270 in
392 3187 720 3298 Franhfcrdiaff)
744 3193 783 3271 in
818 3192 991 3272 solemni
1026 3193 1150 3295 curia,
1174 3193 1243 3274 uhi
1269 3193 1492 3299 imperator
1524 3191 1621 3296 eligi

215 3312 359 3394 debuit
392 3340 465 3420 per
497 3341 594 3395 emn
628 3340 675 3394 ac
709 3340 782 3420 per
813 3314 939 3415 alios;
972 3314 1071 3395 dum
1111 3314 1369 3394 reoccidendi
1404 3313 1622 3394 sentencia

216 3460 290 3542 per
325 3430 577 3542 llhnanie'⁸)
612 3437 818 3543 principes
851 3451 993 3516 eontra
1032 3437 1168 3543 ipsum
1204 3438 1286 3517 lata
1329 3450 1438 3516 esset
1470 3435 1622 3518 diebus

215 3555 383 3666 Geyche
424 3558 529 3663 regis
571 3558 639 3666 fily
673 3558 843 3640 secundi
887 3558 997 3659 Bele,
1032 3559 1246 3641 deseendit
1278 3559 1317 3638 in
1362 3557 1621 3639 Pannoniam

376 3864 401 3949 ¹)
424 3869 514 3942 Loco
551 3870 671 3941 honnn
703 3870 784 3942 dod.
814 3870 891 3944 VP.
922 3869 988 3943 ista
1029 3869 1148 3961 ponit:
1188 3870 1370 3946 Genera-tio
1413 3868 1551 3961 Oliuery
1585 3873 1622 3941 et

217 3972 366 4048 Ratoldi.
397 3973 480 4045 Post
506 3972 569 4045 hec
598 3972 729 4045 intrant.
757 3974 926 4048 Olinerius
955 3980 989 4046 et
1016 3975 1185 4048 Ratoldns
1215 3983 1366 4069 tempore
1399 3973 1492 4068 regis
1520 3972 1621 4044 Colo·

217 4077 307 4152 inani
336 4078 376 4150 de
418 4099 523 4169 regno
551 4077 757 4171 Apulorum.
787 4081 837 4152 Dc
879 4079 1020 4152 deserta
1060 4084 1172 4152 orhnn
1212 4080 1351 4152 habent.
1381 4078 1546 4152 Illicere
1576 4077 1622 4150 de.

217 4182 368 4257 Sambuk
395 4183 436 4256 de
464 4181 644 4256 comitibus
671 4182 853 4278 Campania
882 4205 925 4255 ex
952 4183 1100 4256 Francia
1132 4184 1300 4257 oriunhn.
1332 4179 1359 4258 'l
1382 4183 1621 4276 Nnnruiburg.

218 4289 288 4362 VP.
320 4283 347 4370 ³)
371 4286 580 4362 Orlamnndi.
601 4288 671 4361 ΥΡ.
693 4288 888 4361 Oilannrnd.
920 4289 955 4360 S.
986 4285 1013 4370 ⁴)
1039 4289 1190 4378 Hedum,
1221 4288 1387 4363 Hadolch.
1408 4287 1481 4362 VP.
1511 4287 1622 4361 adoll.

220 4391 258 4467 S.
290 4387 316 4472 ⁵)
349 4415 414 4465 orn.
453 4390 571 4464 abelti.
612 4389 649 4466 S.
683 4387 708 4472 ’Υ
733 4392 984 4486 paraloisandn.
1027 4387 1052 4480 ἵ)
1075 4394 1230 4467 hoholth.
1272 4388 1297 4470 8)
1322 4391 1622 4486 conspirauerunt.

221 4491 248 4579 ⁹)
273 4519 356 4590 ques
385 4520 418 4590 p.
447 4495 654 4569 Hoholdmn.
688 4492 730 4578 ¹⁰)
759 4521 790 4589 q.
821 4520 849 4569 r..
880 4497 954 4591 ipso
992 4498 1190 4571 adduxerat.
1229 4522 1294 4571 ern.
1330 4499 1400 4572 ΥΡ.
1434 4492 1475 4579 ¹¹)
1504 4497 1633 4571 conte·

220 4601 342 4675 ruisse.
372 4600 408 4676 S.
441 4593 645 4694 ¹¹)n1cysie.
677 4601 749 4675 VP.
782 4601 913 4675 meiste.
951 4603 984 4675 S.
1020 4597 1059 4682 ¹³)
1085 4601 1225 4677 sororis.
1263 4602 1339 4676 add.
1372 4597 1412 4679 ¹⁴)
1440 4622 1623 4697 meysnen·

221 4705 280 4779 sis
309 4706 379 4778 VP.
423 4703 621 4778 mesucnsis.
666 4705 701 4778 S.
734 4700 776 4784 ¹⁵)
803 4705 877 4778 filii.
920 4709 961 4779 B.
995 4701 1035 4788 ¹¹⁵)
1064 4707 1224 4780 Herford.
1267 4709 1308 4780 B.
1345 4702 1387 4787 ¹²)
1415 4707 1623 4807 Frauchud.

220 4811 291 4884 ΥΡ.
320 4808 526 4884 Franfurch.
556 4807 592 4884 S.
626 4804 667 4891 18)
696 4809 874 4890 alemanie.
1607 4819 1612 4828 '
