3592 5490
867 298 911 364 30

811 391 968 399 *-

184 512 348 594 ‘diderat
380 512 472 623 lilys
503 514 626 595 israel
660 527 847 623 tempore
880 513 1008 623 Moysi
1051 515 1158 596 Seon
1199 544 1335 622 regem
1371 521 1606 602 Amorreo·

190 663 280 717 nnn
294 631 324 742 ¹)
358 649 400 716 et
431 635 520 741 Ogh
555 664 693 740 regem
728 631 903 742 Basau²)
938 654 979 717 et
1002 639 1142 719 etruria
1173 666 1298 744 regua
1331 639 1532 723 Chanaan
1559 643 1603 724 iu

189 757 471 840 hereditatem.

226 952 230 959 -
348 898 417 978 30.
450 896 560 977 Dum
596 923 691 1000 ergo
725 897 965 1003 capitaneus
999 898 1073 980 iste
1107 900 1245 1006 Arpad
1281 915 1465 983 uteretur
1497 932 1603 1012 spe·

190 1018 280 1099 ciali
316 1020 494 1126 quadam
541 1020 579 1099 iu
624 1017 749 1099 Scitia
790 1019 999 1123 dignitate,
1034 1035 1074 1100 et
1114 1021 1219 1103 hanc
1261 1024 1432 1105 haberet
1463 1026 1604 1132 ipsius

189 1140 406 1245 generacio
445 1141 802 1241 consuetudinem,
835 1139 984 1221 Scitica
1026 1143 1224 1247 legittima
1257 1158 1298 1225 et
1329 1147 1514 1253 probata,
1553 1163 1605 1232 ut

189 1291 298 1345 unns
332 1263 371 1344 in
406 1263 678 1370 expedicione
714 1262 997 1367 gradientibus
1030 1264 1180 1346 debeat
1212 1266 1368 1349 anteire
1401 1269 1442 1349 in
1474 1269 1603 1352 rede·

190 1386 302 1465 undo
337 1413 433 1466 rere
467 1385 740 1483 retrocedere;
760 1385 847 1490 ipse
879 1412 953 1492 pro
987 1413 1035 1466 eo
1068 1387 1169 1468 alios
1202 1385 1481 1498 capitaneos³)
1514 1393 1603 1475 ter·

187 1521 254 1589 tur
294 1503 587 1615 pt·ecesisse⁴),
631 1508 671 1588 in
716 1507 968 1588 Pannoniam
1013 1509 1227 1591 adeuntes,
1272 1511 1412 1617 quue
1454 1512 1603 1621 Arpad

188 1627 473 1737 Suetibolug⁵)
518 1658 614 1710 cum
658 1629 804 1710 ceteris
848 1629 1041 1734 hungaris
1085 1645 1131 1711 ut
1174 1659 1300 1740 supra
1342 1634 1497 1716 dictum
1534 1652 1605 1719 est

188 1751 396 1833 debellato
431 1766 472 1832 et
512 1753 660 1853 occiso,
695 1765 829 1833 eastra
871 1752 961 1832 lixit
993 1753 1032 1832 in
1067 1770 1209 1834 mmne
1241 1755 1328 1836 Noe
1360 1782 1490 1864 prope
1524 1759 1603 1840 ΑΙ-

191 1873 299 1973 bam,
323 1887 364 1954 et
397 1874 464 1954 ille
498 1874 614 1954 locus
648 1889 710 1955 est
742 1874 914 1979 prinnm,
949 1871 1117 1980 qitem⁶)
1151 1876 1227 1957 sibi
1262 1877 1385 1982 elegit
1417 1878 1457 1958 in
1489 1877 1603 1962 Pan·

190 1996 336 2094 nonia3
369 1996 480 2076 unde
514 2008 555 2076 et
588 1995 734 2076 ciuitas
768 1996 877 2077 Alba
915 2024 988 2102 per
1025 2011 1213 2078 sanctum
1250 2026 1386 2103 regem
1421 1998 1603 2108 Stepha-

191 2145 304 2215 mnn,
339 2118 410 2224 qui
443 2118 494 2197 de
529 2118 617 2224 ipso
652 2117 863 2224 processit,
897 2119 1068 2198 humata
1102 2133 1163 2200 est
1197 2119 1250 2200 ibi
1288 2148 1427 2228 prope.

346 2275 414 2357 31.
456 2270 676 2383 Zoboley⁷)
720 2301 817 2354 vero
860 2275 967 2357 alius
1015 2277 1257 2383 capitaneus
1298 2278 1410 2359 unde
1454 2276 1601 2362 Chaak

189 2396 316 2476 oritur
348 2397 576 2501 generacio,
611 2396 874 2478 descendisse
902 2397 1050 2479 dicitnr
1074 2399 1114 2478 in
1139 2399 1227 2505 ipso
1251 2426 1399 2506 caritpo
1433 2416 1474 2481 et
1505 2400 1603 2484 loco

187 2515 258 2599 ubi
295 2517 538 2600 Chaahuara
573 2546 683 2599 nunc
716 2519 823 2600 iacet
855 2517 1049 2601 desolata.
1084 2520 1187 2600 lllnd
1228 2517 1380 2629 euinr⁸)
1415 2535 1600 2606 castrum

190 2637 411 2749 Zoboley⁹)
455 2641 648 2722 fundauit
692 2643 946 2748 capitaneus,
989 2643 1098 2748 quod
1142 2644 1409 2748 postmodum
1452 2643 1599 2727 Chaak

192 2762 280 2870 ipso
314 2777 489 2864 mortuo,
515 2790 591 2844 suo
624 2763 791 2843 omnine
825 2791 850 2844 a
882 2764 966 2845 suis
1000 2765 1182 2868 cognatis
1217 2780 1258 2845 et
1289 2766 1444 2847 familia
1475 2767 1600 2849 iussit

191 2885 401 2992 appellari,
446 2886 577 2992 primo
620 2885 786 2992 quidem
831 2885 1010 2994 Zoboley
1056 2887 1281 2968 dicebatur.
1319 2887 1422 2968 Illud
1468 2888 1595 2970 etiam

191 3022 369 3088 castrum
414 3007 671 3114 temporibus
705 3008 870 3088 Andree
909 3005 1072 3113 Bele¹⁰)
1111 3023 1152 3087 et
1188 3009 1373 3090 Leuente
1413 3008 1594 3092 filiorum

87 3180 90 3184 >
189 3130 290 3210 Zaar
321 3129 498 3210 Ladizlai
533 3155 606 3236 per
623 3155 845 3209 corrtnume
864 3130 1080 3210 consilinm
1103 3130 1378 3234 hungarorum
1414 3144 1476 3213 est
1493 3158 1595 3212 con-

188 3252 377 3332 fractum.
1116 3332 1120 3338 .

349 3373 418 3455 32.
450 3373 619 3455 'l‘ercius
643 3400 739 3454 vero
772 3375 1013 3480 capitaneus
1035 3374 1170 3482 Gyula
1202 3375 1290 3477 fnit,
1314 3375 1422 3455 unde
1456 3374 1595 3483 Gyula

191 3494 297 3576 tilius
333 3495 508 3576 Ladizlai
547 3496 769 3576 deriuatur.
803 3496 983 3601 Eratque
1016 3495 1091 3576 iste
1125 3496 1260 3602 Gyula
1293 3497 1380 3578 dux
1415 3523 1591 3603 magnus

191 3628 231 3697 et
264 3631 422 3727 potens,
458 3616 529 3724 qui
562 3618 771 3699 ciuitatem
811 3612 1027 3723 Albam¹¹)
1067 3618 1109 3697 in
1142 3613 1355 3724 Erdeel¹²)
1389 3619 1430 3698 in
1463 3646 1592 3701 vena·

190 3737 308 3819 cione
340 3766 416 3820 sua
448 3740 674 3843 inuenerat,
714 3767 794 3847 qne
829 3741 909 3821 iam
943 3738 1102 3846 pridem
1130 3765 1153 3818 a
1186 3741 1366 3822 romanis
1400 3754 1591 3824 constru-

190 3874 256 3941 cta
297 3863 442 3943 fuerat.
479 3860 754 3968 Habebatque
781 3862 906 3943 filiam
945 3860 1263 3967 pulcherrimam
1307 3862 1474 3944 nomine
1515 3863 1592 3944 Za·

189 3982 293 4063 rolth
306 3978 358 4090 ¹³)
391 3983 442 4065 de
461 3985 578 4066 cuius
596 3984 901 4091 pulchritudine
919 3984 1046 4065 ductes
1067 3983 1342 4090 prouinciales
1356 3978 1407 4090 ¹⁴)
1426 3983 1592 4069 diucius

188 4104 477 4210 loquebantur.
511 4105 643 4202 Qtram
687 4106 824 4215 chsa
865 4107 952 4188 dux
996 4105 1165 4186 consilio
1208 4105 1328 4214 (1521)
1360 4121 1402 4187 et
1433 4106 1592 4188 auxilio

188 4293 395 4302 ——-—--

349 4376 537 4462 ι1111111111.
568 4381 606 4455 S.
641 4380 733 4476 regis
762 4383 880 4456 Amor.
912 4377 937 4458 'l
963 4387 997 4456 et
1026 4383 1112 4476 Ogh.
1152 4407 1180 4455 1.
1210 4385 1249 4456 B.
1279 4406 1344 4455 om.
1377 4378 1404 4464 ³)
1429 4383 1461 4456 in
1499 4385 1592 4457 Pan·

189 4485 325 4562 neniam
361 4486 534 4559 adeuntes
573 4486 650 4559 add.
680 4483 708 4567 ‘l
731 4488 865 4580 precedi
903 4510 949 4560 se.
980 4487 1016 4563 S.
1048 4482 1075 4565 ⁶)
1100 4489 1330 4582 Zualapolug.
1362 4489 1431 4560 VP.
1462 4489 1592 4560 Zenle-

188 4591 306 4687 polug.
337 4588 373 4665 S.
407 4585 433 4669 “l
458 4591 586 4683 Arpad.
625 4592 700 4663 add.
735 4585 759 4664 71
784 4593 938 4665 Zoboleh
981 4595 1050 4666 VP.
1082 4592 1245 4686 Zoboley.
1283 4595 1324 4665 B.
1355 4593 1516 4685 Zobnley.
1549 4590 1590 4665 S.

193 4691 219 4771 Β1
244 4694 356 4770 ctiam.
387 4695 431 4768 B.
462 4689 489 4776 91
514 4695 669 4768 Zobolei.
713 4692 754 4775 ¹⁰)
781 4696 889 4769 Belle.
920 4696 957 4771 S.
1002 4693 1043 4779 ¹¹)
1071 4719 1239 4790 maguam.
1270 4697 1340 4770 VP.
1374 4691 1415 4772 ¹²)
1443 4695 1590 4772 Erdehr.

190 4800 328 4872 Erdelu.
355 4796 393 4882 ¹³)
418 4797 554 4872 nomine
578 4797 697 4874 Sarolt
724 4799 894 4894 pulcherr.
925 4800 1085 4874 Zarolch.
1102 4803 1143 4875 V.
1165 4796 1205 4880 ¹⁴)
1216 4800 1445 4898 prouinciales
1474 4801 1590 4875 duces
