3592 5490
832 364 987 465 gum

205 579 340 660 farina
371 591 577 661 texerunt.
614 578 813 661 Videntes
847 581 901 660 illi
937 582 977 660 in
1020 608 1134 683 arce,
1178 594 1392 664 cesserunt
1431 583 1538 688 regi,
1579 597 1620 663 et

205 716 385 783 castrum
419 702 688 807 assignarunt.
709 700 905 786 ,Domum
927 704 1092 784 intrauit
1111 703 1365 805 Bohemiam,
1384 715 1442 784 ct
1463 705 1617 787 multos

208 824 395 931 captiuos
428 824 548 905 duxit
580 823 621 903 in
655 822 919 929 Hungariam.

235 1098 304 1178 De
332 1099 671 1179 constructione
701 1098 894 1179 ecclesie
921 1098 1253 1199 waradiensis,
1281 1099 1413 1180 etde
1443 1105 1594 1180 morte

723 1221 851 1324 regin
878 1219 1096 1301 ladislai.

363 1428 434 1516 47.
466 1432 555 1514 Rex
596 1434 717 1540 igitur
759 1435 796 1514 in
850 1435 1075 1515 venacionc
1125 1435 1241 1515 iuxta
1281 1432 1435 1513 flumen
1488 1433 1620 1515 Keres

210 1554 370 1637 inuenit
414 1556 574 1659 locum,
625 1557 695 1638 ubi
728 1557 942 1663 proposuit
974 1567 1210 1637 construere
1245 1555 1543 1637 monasterium
1579 1556 1620 1637 in

210 1678 364 1757 honore
400 1676 595 1782 Virginis,
644 1706 770 1787 quern
804 1679 941 1759 locum
978 1676 1125 1759 Wurarl
1161 1677 1400 1758 nominauit.
1452 1676 1619 1759 Mortuo

208 1825 306 1880 vero
340 1825 602 1880 romanorum
639 1802 883 1907 imperatore
917 1801 1044 1883 (luces
1078 1815 1119 1880 et
1150 1800 1352 1880 tetrarche
1382 1801 1621 1881 teutonico·

206 1950 297 2003 rum
332 1938 583 2027 rogauerunt
611 1952 706 2004 eum
739 1936 783 2004 ut
818 1923 1035 2030 imperinm
1070 1922 1311 2028 susciperet.
1345 1921 1440 2028 Ipse
1473 1936 1619 2004 autem

207 2045 403 2126 terminos
436 2058 601 2151 patrum
634 2074 802 2128 suorum
839 2071 921 2125 non
955 2045 1100 2125 volens
1118 2044 1356 2149 transgredi,
1390 2047 1615 2126 recusauit.

206 2165 354 2275 Nuncy
387 2180 574 2274 preterea
607 2168 776 2248 Francis
813 2167 1166 2274 YspunirAnglie
1200 2166 1437 2246 etBritanie
1473 2195 1620 2272 regum

210 2289 382 2369 veniunt
429 2290 635 2391 dicentes,
671 2317 785 2394 reges
829 2290 917 2397 iilos
962 2289 1068 2369 velle
1113 2289 1219 2369 ultra
1260 2310 1372 2367 mare
1410 2288 1617 2395 proficisci

209 2410 249 2490 in
284 2410 506 2491 vindictam
540 2412 642 2494 0Jesn
676 2411 821 2493 Christi
856 2411 1063 2517 sepulchri
1105 2410 1351 2492 sanctissimi
1395 2422 1620 2518 recupera·

208 2533 382 2634 cionem,
416 2549 620 2638 rogarunt,
656 2549 700 2616 ut
733 2534 790 2615 eis
824 2534 909 2614 dux
945 2534 1151 2614 existeret.
1186 2532 1274 2613 Rex
1308 2532 1429 2612 valde
1447 2533 1620 2637 gauisus

208 2670 270 2737 est
303 2668 344 2734 et
375 2656 520 2735 anuuit
552 2657 724 2737 licencia
756 2657 808 2737 ab
842 2655 1036 2760 hungaris
1069 2656 1258 2756 obtenta,
1293 2669 1334 2734 et
1367 2654 1477 2735 misit
1511 2683 1620 2736 nuu-

208 2777 318 2858 cium
352 2778 401 2857 ad
437 2778 673 2861 Conrudum
707 2778 857 2859 ducem
891 2777 1087 2858 Bolremie
1122 2792 1166 2858 nt
1206 2803 1347 2857 secum
1393 2776 1469 2857 iret
1511 2776 1620 2858 ultra

211 2926 334 2980 mare.
386 2898 500 2979 Idem
547 2902 675 2982 eciam
720 2900 918 3007 promisit.
969 2899 1134 3005 Interim
1186 2914 1385 3004 cognatus
1428 2897 1622 3000 Conradi,

208 3021 374 3101 nomine
408 3020 662 3130 Seutapolug
694 3023 825 3103 noctis
869 3021 1038 3102 silencio
1082 3021 1252 3126 Pragam
1295 3020 1466 3102 veniens
1512 3021 1620 3103 ciui-

208 3155 334 3224 tatem
370 3144 500 3250 cepit,
544 3160 585 3225 et
619 3173 739 3225 maue
772 3145 814 3224 in
847 3144 949 3224 solio
982 3143 1116 3224 ducali
1150 3143 1299 3224 sedens
1332 3143 1384 3224 ab
1418 3142 1622 3250 episcopo

210 3279 250 3345 et
282 3267 369 3373 alys
405 3266 627 3348 honorifice
670 3267 902 3373 suscipitur.
949 3264 1161 3346 Conradus
1202 3278 1343 3345 autem
1383 3265 1436 3344 ad
1478 3293 1622 3370 regem

208 3388 294 3489 init,
329 3402 369 3467 et
400 3401 513 3492 gesta
548 3390 738 3490 narrauit,
773 3414 920 3492 rogans
952 3414 1103 3492 regem,
1140 3401 1183 3467 nt
1206 3386 1616 3493 personaliterauxi-

208 3509 310 3590 lium
344 3511 422 3591 sibi
454 3527 626 3617 pararet.
663 3511 821 3592 Annuit
857 3537 929 3589 rex
974 3509 1201 3590 dummodo
1243 3508 1333 3590 dux
1376 3536 1420 3590 se
1464 3509 1619 3592 iterum

209 3632 316 3713 ultra
353 3659 464 3712 mare
497 3634 715 3714 addiceret.
751 3632 838 3712 Rex
856 3633 1036 3714 habebat
1053 3659 1195 3713 secum
1215 3630 1320 3712 filios
1343 3631 1448 3736 regis
1470 3632 1623 3741 Geyse,

210 3755 280 3860 qui
314 3770 430 3834 erant
462 3756 604 3836 nntius
638 3756 774 3855 (lucis,
816 3753 1119 3835 Colornanuum
1161 3753 1318 3834 scilicet
1359 3767 1400 3833 et
1431 3754 1623 3857 Almum,

211 3874 512 3957 Colomannum
547 3878 678 3958 voluit
710 3876 884 3956 ecclesie
920 3876 1106 3980 Agriensi
1140 3875 1181 3955 in
1215 3873 1458 3982 episcopum
1498 3877 1623 3984 prefi-

209 4025 314 4079 cere.
348 3997 465 4093 Quod
500 4028 594 4080 oum
629 3999 910 4081 Culomannus
942 3998 1081 4100 sensit,
1115 3996 1285 4078 secessit
1316 3997 1357 4076 in
1389 3996 1622 4099 Poloniam,

208 4120 281 4201 nbi
314 4135 431 4226 pater
463 4122 550 4204 cius
583 4137 624 4202 et
656 4150 760 4202 auus
794 4121 1003 4226 quorulam
1038 4118 1260 4199 honorifice
1302 4120 1487 4227 suscepti
1527 4123 1622 4203 fue·

209 4259 314 4324 runt.
347 4242 486 4323 Securi
519 4261 616 4326 sunt
647 4273 745 4325 enm
778 4244 829 4322 tle
863 4242 1072 4347 Hnuguriu
1104 4240 1315 4341 Martinus
1349 4256 1390 4321 et
1423 4240 1547 4346 Vgru‚
1580 4260 1621 4325 et

208 4365 287 4472 aly.
334 4365 422 4445 Rex
456 4381 593 4446 autem
629 4378 873 4471 corrgregato
908 4364 1091 4444 exercitu
1125 4363 1200 4444 iuit
1231 4375 1372 4443 contra
1405 4363 1633 4465 bohemosr

209 4502 379 4569 etcum
411 4489 462 4567 ad
497 4489 673 4569 confinia
716 4515 856 4568 eorum
899 4488 1177 4593 peruenisset,
1226 4486 1362 4589 grauis
1404 4486 1639 4569 infirmitas

210 4636 306 4690 eum
340 4609 502 4691 inuasit.
537 4610 645 4692 Misit
677 4611 787 4692 duos·
813 4610 865 4689 ad
907 4607 1232 4706 Colomunnum,
1275 4619 1320 4687 ut
1361 4607 1403 4686 in
1446 4608 1632 4716 Hungu-

208 4733 312 4813 riam
346 4732 513 4812 veniret.
548 4732 634 4813 Rex
670 4746 857 4839 preterea
889 4731 1114 4830 ordinauit,
1160 4742 1203 4809 ut
1245 4743 1339 4834 post
1378 4754 1423 4809 se
1470 4732 1649 4816 Almus

207 4867 405 4965 regnaret.
443 4853 523 4939 Sed
558 4856 704 4939 Almus
717 4853 934 4938 honorauit
965 4854 1131 4934 fratrem
1159 4877 1282 4934 suum
1295 4848 1658 4963 Oolomannum,
