3592 5490
871 394 906 466 81

816 491 971 502 —--—-

191 630 276 700 tate
308 615 499 725 sequenti
532 615 598 698 die
631 629 852 724 postquam
887 617 990 722 iguis
1022 615 1242 718 resederat,
1260 612 1449 698 videntes
1482 638 1593 698 scro-

192 743 268 824 bes
299 767 527 846 grecorum,
560 739 862 822 descendentes
902 740 1089 821 tulerunt
1120 737 1272 819 exinde
1305 764 1451 820 aurum
1486 739 1594 821 mul·

191 876 281 947 turn
317 876 358 945 et
398 875 628 969 argentum,
660 861 820 969 lapides
861 861 1081 970 preciosos
1114 886 1383 967 gemmasque
1417 860 1594 969 preluci-

194 987 281 1090 das,
305 999 347 1068 et
379 985 623 1067 thezaurmn
655 985 742 1066 fere
775 977 1149 1089 inestimabilem¹),
1173 983 1397 1091 nullusque
1416 983 1509 1083 ¹fuit
1540 1011 1595 1065 ex

193 1108 400 1216 hungaris,
434 1108 506 1215 qui
538 1106 595 1189 ibi
637 1106 915 1213 locupletatus
960 1133 1040 1188 uon
1082 1105 1239 1188 fuisset.
1271 1106 1394 1188 Porro
1427 1106 1467 1186 in
1501 1134 1596 1188 aree

192 1230 344 1314 inclusi
376 1244 627 1335 rogauerunt
663 1257 801 1334 regem
837 1243 878 1310 et
909 1231 1037 1310 duces
1070 1243 1116 1310 ut
1149 1228 1206 1309 eis
1241 1229 1365 1309 vitam
1400 1243 1441 1309 et
1474 1229 1596 1311 liber-

194 1369 324 1437 tatem
356 1353 569 1454 donarent,
593 1379 729 1433 arcem
764 1365 903 1433 autem
933 1366 973 1433 et
995 1351 1191 1432 uniuersa
1216 1350 1293 1432 sibi
1315 1350 1596 1432 vendicarent.

194 1477 388 1559 Manibus
420 1475 560 1582 itaque
592 1473 698 1579 regis
724 1486 765 1555 et
788 1475 944 1557 dueum
979 1473 1104 1582 (38b)
1139 1473 1180 1552 in
1212 1472 1307 1553 fidei
1341 1472 1490 1580 pignus
1523 1501 1596 1554 ex·

194 1599 337 1701 tensis,
381 1596 492 1705 quod
535 1622 604 1678 eos
647 1592 859 1704 ulterius²)
901 1624 983 1678 non
1025 1595 1221 1695 lederent,
1257 1622 1401 1686 omnes
1443 1596 1514 1703 qui
1556 1597 1597 1677 in

195 1750 290 1804 arce
323 1732 440 1802 erant
471 1718 787 1801 descenderunt.
822 1722 878 1800 At
909 1720 995 1800 dux
1038 1717 1213 1798 Niehota
1244 1733 1481 1824 argenteam
1513 1719 1597 1800 ico·

195 1872 293 1927 nam
328 1841 585 1926 sanctissime
618 1841 825 1946 genitricis
857 1842 923 1923 dei
956 1867 1122 1946 semper
1143 1840 1309 1945 virginis
1343 1840 1468 1922 llarie
1501 1870 1597 1924 eum

195 1993 349 2072 inagna
366 1963 631 2046 multitudine
651 1963 821 2046 veniens
844 1963 884 2044 in
912 1975 1158 2070 potestatem
1188 1962 1305 2045 ducis
1331 1964 1466 2072 Geyse
1500 1990 1597 2044 eon·

196 2089 304 2171 tulit.
337 2086 503 2168 Sciebat
534 2085 644 2166 enirn
678 2085 856 2194 Geysam
896 2087 1045 2167 ducem
1090 2112 1181 2166 esse
1214 2085 1414 2168 deuotum
1447 2085 1524 2166 deo
1558 2098 1599 2166 et

197 2211 386 2319 captiuos
418 2235 493 2290 seu
530 2206 701 2289 afflictos
746 2208 1022 2291 misericordie
1055 2208 1282 2291 visceribus
1324 2209 1596 2294 refouentem.

198 2333 265 2415 Ad
298 2358 447 2413 manus
490 2341 630 2411 autern
676 2331 779 2436 regis
823 2329 1053 2412 Salomonis
1097 2331 1220 2436 pauci
1253 2345 1467 2430 venerunt,
1502 2331 1600 2437 quia

199 2447 448 2559 nouer·unt³)
482 2453 618 2560 ipsum
653 2479 743 2535 esse
776 2466 1000 2552 austerum,
1021 2467 1062 2534 et
1088 2453 1278 2560 pessimis
1312 2451 1489 2559 eonsilys
1508 2451 1600 2560 Vyd

199 2577 362 2660 comitis
395 2575 436 2656 in
470 2575 664 2658 omnibus
697 2571 1026 2680 ascultantem⁸).
1047 2574 1126 2671 Qui
1159 2574 1251 2683 Vyd
1284 2576 1361 2657 deo
1394 2588 1435 2656 et
1468 2574 1599 2656 bomi-

198 2701 325 2783 nibus
366 2697 620 2780 detestabilis
663 2713 761 2783 erat.
806 2696 997 2804 Curiique
1040 2698 1210 2780 vidisset
1249 2726 1322 2778 rex
1366 2697 1506 2804 plures
1548 2697 1599 2779 ad

199 2824 353 2905 ducem
387 2848 440 2901 ex
475 2819 553 2901 illis
586 2819 830 2925 confugisse,
851 2846 1006 2926 paucos
1040 2834 1178 2902 autem
1214 2821 1264 2900 ad
1298 2847 1354 2920 se,
1376 2821 1601 2928 plurimum

200 2944 439 3050 indignatus
472 2938 588 3048 est⁵),
623 2954 663 3022 et
695 2968 765 3025 eos
799 2944 869 3049 qui
903 2943 952 3023 ad
987 2943 1081 3024 fidei
1121 2970 1268 3025 luanus
1302 2960 1500 3025 venerant
1532 2970 1604 3025 vo·

199 3068 315 3149 lebat
347 3063 532 3147 diuidere
566 3064 604 3143 in
616 3059 648 3169 ⁶)
677 3078 758 3146 tres
786 3078 922 3171 partes
957 3081 997 3146 et
1029 3066 1132 3147 duas
1151 3066 1229 3147 sibi
1262 3066 1415 3166 tollere,
1436 3066 1603 3147 terciam

199 3216 300 3270 vero
333 3187 442 3268 duci.
475 3185 574 3268 Dux
609 3198 748 3267 autem
784 3214 864 3267 non
900 3187 1085 3293 permisit
1118 3183 1235 3294 lrec⁷)
1270 3187 1365 3276 fieri,
1389 3187 1476 3270 Hec
1509 3215 1604 3294 ergo

200 3312 283 3394 suit
315 3302 482 3415 causa⁸)
516 3308 719 3389 malorum
754 3323 795 3389 et
826 3309 1093 3390 seminarium
1127 3309 1328 3390 discordie
1350 3310 1457 3391 inter
1477 3305 1601 3416 e0s9).

283 3550 367 3644 (De
395 3545 632 3629 discordia
657 3547 786 3651 rogis
813 3545 1073 3630 Salomonis
1101 3554 1148 3629 et
1174 3547 1355 3629 dueum.
1383 3549 1441 3630 A.
1468 3550 1536 3645 B.)

365 3760 654 3844 100.1nterea
686 3761 907 3868 imperator
946 3789 1159 3867 grecorum
1194 3764 1334 3846 andita
1364 3765 1607 3846 liberalitate

204 3884 324 3968 ducis
356 3885 504 3992 Geyse,
531 3884 643 3965 misit
675 3884 725 3964 ad
760 3911 855 3965 eum
891 3886 1065 3967 nuncios
1098 3886 1149 3965 ad
1182 3885 1424 3967 firmandam
1460 3914 1604 3994 paoem

206 4023 247 4089 et
279 4007 522 4091 amiciciam.
565 4004 663 4086 Dux
709 4022 849 4087 autem
891 4008 1047 4089 remisit
1079 4008 1116 4087 ei
1150 4034 1295 4090 omnes
1338 4009 1524 4116 captiuos
1568 4022 1610 4089 et

207 4157 351 4212 omnes
385 4129 454 4235 qui
488 4123 605 4234 ab¹⁰)
640 4154 732 4208 arce
774 4128 1074 4209 descenderant
1107 4129 1232 4209 etad
1273 4159 1367 4212 eum
1412 4132 1607 4237 conluge-

206 4246 372 4358 rant¹¹).
410 4250 475 4331 Ad
510 4277 648 4355 regem
681 4264 821 4332 autem
860 4248 1124 4331 Salomonem
1169 4279 1240 4332 rex
1286 4279 1502 4358 grecorum
1535 4281 1608 4333 ne·

207 4423 413 4431 m

368 4490 377 4525 ¹
424 4494 488 4586 ,In
516 4491 612 4565 cuius
644 4536 686 4545 -
718 4491 870 4565 ducem.“
903 4493 998 4566 solus
1026 4493 1098 4566 lll'.
1131 4487 1157 4573 ²)
1186 4494 1342 4588 anrplius.
1374 4489 1401 4576 ³)
1429 4501 1606 4568 nouerant.

210 4591 236 4679 ⁴)
265 4597 525 4671 auscultantem.
564 4599 605 4669 B.
637 4590 664 4677 5)
698 4593 809 4682 ,Cum
832 4601 956 4669 autem.
989 4638 1034 4649 -
1064 4621 1130 4670 non
1169 4602 1376 4690 potuerunt“
1406 4600 1499 4672 solus
1537 4600 1606 4670 Vl‘.

212 4700 237 4779 ⁸)
264 4702 317 4774 ad.
346 4702 387 4774 A.
418 4703 458 4774 V.
491 4697 517 4783 ⁷)
544 4703 618 4774 hoo.
654 4701 695 4773 V.
725 4695 752 4777 ⁸}
781 4724 882 4774 causa
909 4702 984 4774 fuit.
1015 4701 1083 4773 VP.
1116 4695 1143 4782 ”l
1177 4702 1265 4792 „Sed
1298 4725 1374 4776 cum
1410 4705 1606 4777 thesaurum

209 4853 254 4866 -
286 4808 489 4881 molestatus
518 4811 592 4880 est“
625 4806 719 4880 solus
747 4804 823 4882 VP.
853 4806 928 4880 vide
956 4808 995 4881 F.
1025 4806 1073 4884 11.
1109 4809 1192 4882 177.
1228 4804 1267 4888 ¹⁰)
1294 4809 1335 4883 de
1363 4809 1396 4884 S.
1421 4804 1461 4893 ¹¹)
1480 4815 1536 4902 ,et
1565 4810 1607 4884 tul

210 4955 256 4970 -
287 4911 399 4989 conl*
433 4934 499 4990 om.
528 4911 605 4989 VP.

1473 5052 1507 5117 11
