3660 5506
830 325 986 429 mg

209 537 446 619 deeeneiam
482 539 594 644 regni
628 540 691 621 sui
724 541 889 625 lionoris
924 569 1072 625 corona
1110 570 1247 642 aurea,
1281 566 1517 648 corpusque
1552 535 1614 645 ip·

212 663 296 743 sius
336 662 714 768 splendidissiuunn
759 667 898 746 tunica
941 667 1171 768 scarletina,
1205 695 1252 748 ao
1296 665 1426 745 eciam
1471 661 1615 766 caligis

163 831 168 840 ·
209 785 456 866 sotularibus
500 786 673 888 gemnris
719 788 1031 893 preciosissimis
1079 789 1306 890 contextis,
1351 800 1392 866 et
1432 786 1617 891 desuper

209 907 381 987 calcaria
421 934 557 1007 aurea,
593 908 880 1014 pulcherrimis
923 911 1101 1018 pedibus
1143 940 1217 992 sue
1251 909 1506 990 excellencie
1540 934 1617 987 an·

209 1030 412 1110 nectendo
455 1030 687 1132 induentes,
722 1030 772 1111 de
815 1033 998 1139 predicto
1040 1049 1172 1116 castro
1214 1030 1531 1139 inexpugnabili
1575 1029 1616 1109 in

209 1152 426 1233 eeclesiam
456 1152 730 1260 parochialem
750 1152 926 1260 Virginis
954 1157 1127 1261 gloriose
1156 1158 1195 1237 in
1215 1153 1424 1264 Vysegrad
1444 1153 1618 1232 ciuitate

211 1288 488 1356 constructam
513 1276 682 1382 planetu
704 1302 854 1380 magno
880 1279 1116 1359 deferendo.
1135 1279 1382 1383 Plauxitquc
1406 1301 1503 1355 eum
1522 1274 1619 1355 uni·

210 1423 356 1479 uersus
374 1397 553 1504 populus
571 1398 748 1478 ciuitatis
767 1399 936 1505 planetu
955 1428 1104 1507 magno
1123 1402 1256 1482 valde.
1273 1399 1452 1481 Peractis
1470 1410 1617 1478 antem

211 1519 362 1600 ibidem
398 1520 547 1601 diuinis
581 1519 912 1604 institucionilms
947 1537 986 1603 et
1019 1525 1239 1606 missarum
1273 1522 1498 1628 solemnys,
1526 1544 1620 1599 cor·

212 1668 290 1749 pus
323 1642 458 1749 ipsum
492 1668 618 1750 super
651 1644 870 1750 elrymbam
894 1672 966 1751 per
989 1646 1189 1729 decursus
1222 1673 1330 1752 aque
1363 1641 1616 1733 damrbialis,

213 1765 252 1846 in
287 1764 496 1844 ciuitatem
539 1766 854 1846 famosissimam
900 1768 1058 1848 Budam
1094 1769 1286 1849 uidelicet
1318 1780 1380 1849 est
1412 1765 1619 1844 delatum.

214 1887 498 1968 antecedebat
531 1904 668 1968 autem
704 1887 892 1970 llebiliter
923 1891 1053 1997 ipsam
1096 1889 1399 1972 multitudinem
1437 1885 1622 1994 prelato·

213 2036 305 2090 nun
347 2009 561 2111 baronum,
595 2011 635 2090 in
674 2011 971 2115 regnicolarum
1013 2014 1167 2094 uexillo
1210 2009 1461 2117 triumphali,
1497 2008 1622 2090 miles

216 2131 514 2213 laniosissimus
547 2145 671 2239 atque
703 2136 971 2215 manufortis
1004 2135 1256 2218 Laureneius
1290 2133 1475 2228 Selauus,
1495 2130 1622 2212 cuius

216 2253 409 2334 intererat
442 2272 627 2360 tempore
648 2254 728 2335 rite
761 2257 889 2362 ipsius
911 2257 1064 2339 domini
1088 2259 1204 2363 regis,
1224 2287 1274 2336 ex
1311 2255 1444 2336 officio
1479 2253 1621 2334 eidem

218 2376 656 2476 incumbenti,vexilla
690 2379 797 2483 regia
832 2381 934 2460 ferre
968 2381 1058 2462 loco
1092 2398 1336 2487 opportuno.
1356 2376 1436 2458 l'bi
1469 2401 1624 2455 omnes

218 2497 331 2577 ciues
372 2498 479 2579 dicte
523 2500 699 2580 ciuitatis
740 2502 1025 2602 tiuuosissime,
1060 2504 1292 2583 sacerdotes
1326 2513 1365 2580 et
1399 2498 1536 2578 cleriei
1572 2527 1624 2578 ae

216 2621 288 2701 viri
322 2621 508 2725 religiosi,
535 2623 749 2728 ipsamque
783 2624 1059 2706 inlrubitzmtcs
1093 2627 1155 2734 aly
1181 2625 1413 2732 proeessiue
1443 2648 1624 2729 pergen·

216 2758 277 2825 tes
311 2743 581 2844 condolendo,
615 2745 744 2826 oculis
786 2747 1107 2846 lacrimantibus
1143 2749 1387 2830 vestimenta
1427 2743 1626 2849 lugubria

217 2880 438 2973 portantes,
471 2867 638 2949 obuiam
673 2868 801 2974 ipsius
836 2871 992 2977 corpori
1018 2871 1223 2977 usquead
1249 2868 1487 2949 Danubium
1525 2891 1626 2972 pro·

218 3002 440 3071 cesserunt.
467 2988 516 3069 Et
548 2989 646 3069 dnm
682 2990 720 3069 iu
756 2991 906 3072 dietam
941 2994 1149 3074 ciuitatem
1184 2991 1468 3087 adduxissent,
1492 3015 1624 3094 supra

219 3136 368 3217 corpus
402 3111 530 3218 ipsius
563 3112 721 3192 cantica
756 3114 944 3219 psallere,
963 3129 1003 3193 et
1025 3115 1101 3195 alia
1123 3115 1263 3194 diuina
1296 3112 1429 3194 officia
1460 3125 1504 3190 ut
1529 3136 1626 3190 mos

219 3248 280 3313 est
313 3251 385 3340 p'ro
419 3234 615 3341 expiratis
649 3235 887 3334 eorundem,
911 3263 984 3343 per
1017 3251 1143 3317 totam
1178 3251 1341 3316 noctem
1377 3259 1523 3342 preces
1557 3233 1623 3313 of-

218 3356 323 3435 ferre
357 3356 560 3437 cantando
592 3382 672 3436 non
709 3375 872 3440 cessant
893 3385 1086 3465 sumpmo
1120 3356 1464 3439 creatoriTeroio
1499 3372 1626 3434 nam·

221 3503 303 3583 que
335 3477 400 3557 die
433 3479 569 3558 obitus
608 3479 735 3586 ipsius
770 3480 808 3559 iu
844 3481 987 3562 eadem
1034 3481 1199 3561 ciuitate
1243 3479 1378 3560 medio
1419 3476 1625 3584 temporis

207 3600 371 3706 spacia
410 3627 628 3708 quousque
661 3601 802 3682 diuina
837 3604 971 3684 ot'ticia
1006 3604 1069 3684 vel
1116 3602 1310 3710 mysteria
1349 3602 1536 3706 incepta,
1582 3613 1627 3679 et

222 3722 436 3804 missarum
454 3723 751 3806 solemnitates
776 3751 897 3806 mene
929 3725 1069 3806 debito
1105 3736 1415 3832 pungerentur:
1447 3735 1530 3802 tres
1556 3747 1626 3801 so-

221 3843 380 3927 lemnes
409 3844 606 3956 ·dextrary
638 3847 767 3955 ipsius
811 3848 963 3928 domini
1009 3847 1112 3951 regis
1147 3846 1295 3949 llarnli,
1329 3844 1413 3926 suis
1448 3842 1624 3924 {allerati

222 3967 440 4075 purpureis
473 3969 774 4076 coperirneutis,
807 3997 933 4076 super
966 3995 1068 4075 quem
1111 3969 1261 4050 milites
1294 3966 1462 4064 streuui,
1496 3964 1627 4046 armis

213 4088 407 4171 eiusdem
442 4089 595 4171 domini
639 4093 742 4195 regis
776 4091 919 4192 induti,
953 4105 1047 4171 unte
1088 4093 1196 4171 fores
1238 4089 1410 4171 ecclesie
1451 4099 1626 4188 stantes,

224 4237 399 4318 quorum
434 4213 600 4319 quidem
635 4213 968 4320 militum,supe1·
988 4239 1070 4292 uno
1095 4215 1277 4320 ipsorum
1304 4209 1625 4311 dextrariorum,

221 4352 319 4414 ¹eum
353 4335 476 4415 armis
509 4333 877 4418 tornamentolibus
910 4335 1019 4437 regie
1062 4335 1315 4416 excellencie
1348 4333 1473 4440 (ath)
1507 4357 1627 4411 eom·

225 4456 422 4563 petentis3
455 4471 497 4536 et
528 4458 630 4540 alter
670 4457 719 4538 ad
764 4456 1029 4538 hastiludium
1075 4476 1207 4565 aptus,
1242 4445 1476 4562 terciusque
1519 4453 1629 4533 dex·

224 4577 439 4660 trariomm
479 4579 699 4686 preciosior
741 4579 936 4684 existens,
970 4606 1064 4660 cum
1109 4580 1232 4659 armis
1273 4577 1443 4678 bellicis,
1465 4574 1526 4655 „ad
1562 4575 1629 4655 in·

225 4699 417 4782 trandum
452 4701 581 4782 eciam
617 4702 823 4782 exereitus
846 4727 919 4808 pro
952 4701 1063 4805 regia
1088 4701 1301 4782 maiestate
1335 4696 1625 4805 competentis

227 4819 411 4916 Quorum
446 4822 613 4928 quidem
648 4823 772 4905 trium
799 4822 974 4904 militum
1001 4823 1131 4905 dictos
1157 4837 1238 4904 tres
1265 4820 1493 4903 dextrarios
1526 4842 1629 4899 oon·

227 4942 469 5028 sedenoium
504 4944 621 5052 signa
651 4944 693 5026 in
724 4944 853 5051 galeis
891 4943 1023 5026 forma
1054 4940 1271 5026 strueionis
1304 4943 1394 5026 auis
1426 4967 1524 5024 erun
1556 4965 1630 5021 oo·

626 5106 826 5135 ..Q
