3592 5490
299 1582 547 1677 cununlcon
578 1583 878 1678 lateranense
1069 1585 1316 1681 CHRUNlCON
1349 1589 1628 1684 insulense

255 1812 325 1893 De
352 1812 612 1894 nominibus
641 1816 687 1893 et
713 1794 1302 2014 temporllrrussoreginrinum
1330 1837 1494 1919 regum
1530 1817 1665 1899 Eun·

866 1955 901 2036 g
1030 1992 1041 2014 .

356 2146 401 2217 Et
435 2143 592 2237 quoniam
629 2167 732 2240 supra
765 2145 927 2221 describi·
1087 2145 1130 2216 nt
1176 2143 1255 2237 qnia
1300 2169 1403 2240 supra
1452 2148 1666 2223 describitur

252 2271 310 2339 tur
346 2266 460 2339 obitus
497 2266 685 2340 beatissimi
728 2267 820 2362 regis
862 2270 926 2342 La·
982 2266 1096 2341 obitus
1126 2267 1216 2340 beati
1243 2267 1411 2357 [ladislai
1441 2267 1525 2342 utile
1546 2274 1601 2344 est
1628 2281 1665 2345 et

253 2388 376 2479 dislai‚
405 2389 515 2462 visum
543 2389 609 2462 luit
646 2389 749 2463 etiarn
786 2391 925 2481 dueum,
982 2388 1166 2482 expediens
1195 2395 1335 2482 propter
1363 2392 1482 2480 multo,
1520 2398 1559 2463 ut
1586 2414 1663 2466 oru-

253 2532 272 2582 a
300 2515 453 2603 temporo
480 2511 705 2604 ingressionis
743 2536 858 2585 eorum
892 2513 927 2586 in
982 2508 1074 2582 nium
1102 2510 1224 2583 dueum
1251 2513 1404 2606 tempore
1431 2509 1664 2605 ingressionis

253 2633 485 2720 Pannoniam,
534 2637 568 2705 et
613 2633 762 2706 omnium
807 2659 928 2729 rogum
982 2654 1097 2704 eorum
1126 2633 1161 2706 in
1189 2633 1413 2722 Pannoniam,
1442 2636 1477 2706 et
1507 2634 1665 2708 omniurn

253 2754 452 2848 Hungariae
480 2759 548 2827 tarn
569 2754 705 2827 nomina
721 2778 821 2847 quam
841 2762 925 2831 tem·
982 2776 1101 2848 regum
1128 2753 1328 2848 Hungariae
1355 2755 1493 2829 rromiua
1517 2761 1552 2829 et
1571 2760 1664 2830 tonn-

252 2900 336 2970 pora
365 2875 581 2970 regiminum,
613 2876 647 2948 iu
678 2883 840 2969 quantum
869 2903 925 2954 oo·
981 2898 1065 2970 pora
1083 2874 1336 2969 regiminumin
1356 2883 1664 2970 quantumoeeur·

251 2997 357 3070 ourrit
403 2997 584 3071 memoriae
631 2990 823 3074 describere
862 3025 925 3096 pro
983 2997 1047 3088 rit,
1086 2997 1334 3074 describantur.

252 3119 388 3194 futuris.

357 3269 388 3336 l.
422 3262 558 3336 Relatio
586 3260 675 3336 enim
694 3264 925 3359 hungarorum
1089 3266 1121 3333 1.
1151 3254 1287 3334 Relatio
1316 3261 1406 3334 enim
1425 3262 1666 3358 hungarorum

250 3379 285 3456 in
314 3383 453 3479 seriptis
482 3387 524 3458 ab
552 3384 634 3458 olim
653 3387 803 3475 redacta,
834 3390 928 3464 inter
981 3381 1016 3455 iu
1045 3380 1184 3475 seriptis
1212 3384 1254 3455 ab
1282 3382 1363 3456 olim
1391 3385 1531 3458 redacta
1567 3384 1673 3460 inter'

250 3512 363 3582 cetera
404 3510 579 3604 complura
621 3509 789 3599 habetur,
837 3515 927 3604 qnod
981 3510 1093 3579 cetero
1120 3505 1234 3597 habet,
1274 3507 1363 3602 quod
1400 3529 1487 3581 anno
1523 3507 1567 3579 ab
1606 3506 1664 3581 in·

251 3654 337 3704 anno
358 3633 400 3704 ab
419 3630 655 3707 incarnatione
670 3632 800 3706 domini
817 3635 924 3708 ootin-
981 3627 1176 3701 nnrnntionn
1204 3628 1333 3702 donrini
1370 3628 1664 3722 octingentesimo

249 3754 460 3848 gentesimo,
499 3754 571 3828 sive
608 3761 683 3828 octo
718 3762 862 3831 oenteno
891 3762 925 3832 et
981 3750 1212 3845 octuagesimo
1264 3754 1407 3843 octavo,
1458 3751 1499 3824 de
1553 3753 1665 3847 geute

249 3876 458 3970 octogesimo
480 3899 567 3949 nono
587 3878 628 3949 do
649 3873 766 3975 (gente
783 3880 924 3979 soytiaa)
981 3873 1108 3966 scyrion
1157 3896 1282 3947 oceano
1338 3872 1375 3946 in
1420 3874 1662 3968 septentrione

250 4022 373 4074 oceano
411 3996 446 4070 iu
480 3999 711 4093 septentrione
746 4000 925 4076 ooniunota
981 3995 1160 4069 ooniuneta
1188 4018 1313 4090 magna
1353 3996 1536 4070 multitudo
1569 3996 1662 4074 fines

250 4143 376 4216 magna
426 4121 608 4194 multitudo
652 4123 734 4194 lines
777 4123 925 4221 (Panoo-
981 4117 1176 4191 Pannoniae
1203 4117 1404 4210 intrauerat,
1434 4122 1467 4191 et
1495 4123 1661 4211 potenter

250 4243 327 4316 niae
370 4243 592 4334 intraverat,
628 4247 661 4316 et
686 4247 844 4336 potenter
871 4270 924 4320 oe·
980 4239 1158 4334 occupavit
1195 4244 1303 4313 totam
1337 4240 1551 4314 Pannoniam
1584 4242 1661 4317 iure

249 4374 432 4458 supererat
464 4368 571 4438 totam
600 4368 809 4440 Pannoniam
852 4367 924 4441 iuro
980 4362 1186 4435 hereditario
1224 4362 1474 4456 possidendam.
1512 4364 1554 4436 ln
1591 4386 1662 4456 qua

249 4486 473 4581 ho(rerlitorio
503 4488 757 4580 possildernlam
801 4488 839 4560 ln
859 4512 925 4581 qua
979 4487 1082 4576 gente
1128 4487 1346 4580 quamplures
1392 4485 1487 4558 fuere
1539 4485 1658 4560 duces.

248 4621 351 4703 gente
372 4611 590 4702 ‹nrmrrolures
610 4612 703 4682 luero
722 4611 835 4701 narses,
865 4613 924 4684 sed
979 4607 1038 4678 son
1066 4631 1154 4680 uirus
1183 4631 1226 4680 en
1254 4606 1340 4700 ipsis
1377 4607 1442 4680 fuit
1478 4605 1658 4702 principa·

247 4731 398 4804 finaliter
439 4734 554 4828 (uuus)
606 4733 672 4805 t'uit
721 4732 923 4826 principalis
979 4729 1057 4801 litor
1085 4732 1127 4802 ab
1155 4729 1234 4803 aliis
1271 4734 1413 4824 propter
1451 4751 1548 4803 suam
1586 4731 1657 4804 vir·

247 4854 363 4931 sarasan
392 4856 433 4927 ab
462 4854 538 4926 aliis
565 4863 708 4949 propter
736 4878 830 4927 suam
862 4881 922 4929 no·
980 4855 1086 4925 tutem
1101 4853 1241 4945 electus
1254 4852 1312 4948 qui
1323 4853 1656 4929 vooaoatnrnlnns.
