3592 5490
879 322 1034 426 *ess—

254 523 383 603 uomni
403 528 560 625 necor)
579 531 699 626 quinto
716 533 805 610 uon.
827 536 927 611 nair.
981 514 1403 634 pridie1)rt0na'suaii.¹)
1442 531 1544 607 onus
1582 544 1658 606 eor-

255 650 357 725 Ouius
385 674 509 749 corpus
536 655 668 751 Agriae
686 658 882 751 requiescit.
982 683 1047 756 pus
1067 658 1200 754 Agriae
1220 656 1375 752 quiescit.

363 885 421 954 19.
461 883 544 956 Post
570 884 654 958 haec
681 886 838 980 regnauit
867 910 929 961 rex
1091 890 1150 960 19.
1184 888 1267 960 Post
1297 885 1386 958 huuc
1414 881 1573 979 regnarit
1596 896 1661 956 rex

257 1001 419 1076 Andreas
460 1003 553 1077 filius
588 1006 683 1101 regis
725 1010 831 1083 Belae
872 1010 931 1085 IlI
984 1010 1141 1084 Andreas
1174 1008 1279 1081 fillius
1308 1007 1400 1100 regis
1432 1007 1535 1079 Belae
1563 996 1663 1079 tertii

256 1130 295 1199 ut
321 1147 425 1219 supra
451 1127 550 1201 anuis
591 1129 717 1219 XXX,
755 1130 929 1206 mensibus
984 1136 1022 1207 ut
1042 1154 1156 1224 supra,
1178 1130 1277 1204 annis
1293 1128 1455 1224 triginta,
1484 1127 1662 1201 mensibus

257 1247 379 1337 tribus,
409 1248 528 1325 debus
564 1252 677 1327 XXV.
715 1252 782 1326 Hic
823 1255 931 1328 ruulta
985 1252 1121 1342 tribus,
1151 1253 1271 1326 diebus
1301 1250 1425 1345 uiginti
1468 1273 1540 1325 sen.
1592 1248 1665 1323 Hic

258 1391 362 1463 opera
389 1371 565 1447 meritoria
592 1374 745 1448 exercuit
771 1375 805 1448 iu
839 1376 930 1449 aedi·
977 1377 1093 1451 multa
1112 1374 1288 1450 meritoria
1305 1396 1408 1468 opera
1426 1371 1600 1459 exercuit,
1627 1370 1667 1443 in

258 1491 402 1567 ficarrdis
430 1498 465 1567 et
494 1494 652 1569 dolandis
688 1497 842 1572 ecclesiis
879 1522 930 1573 se·
986 1496 1207 1571 aedificandis
1244 1501 1279 1570 ct
1309 1494 1467 1569 dolandis
1501 1491 1665 1567 ecclesiis

259 1614 431 1690 cularibus
460 1621 495 1690 et
514 1618 741 1711 regularibus,
770 1626 805 1694 et
824 1620 931 1696 iutro·
986 1619 1196 1694 secularibus
1211 1622 1245 1691 et
1259 1617 1485 1713 regularibus,
1502 1620 1535 1689 et
1553 1614 1666 1689 intro-

260 1737 423 1811 ducendis
451 1737 623 1833 religiosis
657 1740 821 1832 diuersis,
865 1743 931 1818 vic·
987 1742 1150 1817 ducendis
1189 1738 1359 1833 religiosis
1396 1735 1555 1825 dirersis,
1594 1736 1667 1810 ric-

260 1858 415 1953 toriaque
473 1859 591 1935 habita
648 1864 688 1937 ad
741 1867 934 1960 sepulcrum
988 1864 1143 1959 toriaque
1174 1863 1295 1938 habita
1316 1863 1359 1936 ad
1385 1862 1581 1957 sepulcrum
1599 1860 1665 1933 do·

261 1981 400 2057 domini.
431 1981 525 2056 Obiit
553 1988 666 2058 autern
692 2011 779 2060 annuo
807 1986 935 2061 domiui
989 1987 1084 2062 ruini.
1101 1987 1193 2063 Obiit
1208 2009 1297 2061 auno
1323 1983 1449 2059 domini
1478 1982 1667 2056 millesimo

261 2104 566 2204 lloOOoXX(X)V
586 2108 760 2183 undecimo
788 2111 857 2183 kal.
872 2111 934 2184 Oo-
990 2109 1219 2185 ducentesimo
1252 2106 1429 2201 trigesimo
1458 2109 1569 2194 sento,
1598 2128 1665 2177 un·

262 2225 382 2300 tobris.
403 2226 505 2301 Ouius
532 2251 654 2323 corpu
673 2230 707 2304 iu
727 2231 934 2306 monasterio
991 2232 1117 2307 decimo
1137 2230 1206 2304 kal.
1223 2228 1391 2305 Octobris.
1413 2226 1516 2302 Ouius
1537 2248 1668 2320 corpus

263 2369 324 2422 suo
351 2350 462 2444 Egros
491 2351 687 2445 requiescit.
709 2353 775 2427 Hic
795 2353 936 2448 reliquit
991 2355 1026 2430 iu
1047 2351 1253 2429 monasterio
1268 2374 1329 2426 suo
1345 2352 1456 2445 Egres
1467 2347 1669 2441 requiescit.

263 2469 354 2545 filios
381 2477 470 2546 tres:
504 2473 634 2566 primus
662 2475 727 2548 fnit
753 2475 822 2550 dun
850 2478 937 2552 Belo
991 2476 1058 2552 Hic
1072 2474 1210 2569 reliquit
1225 2474 1314 2548 filios
1329 2477 1411 2561 tres,
1428 2494 1572 2566 quorum
1591 2470 1666 2565 pri-

263 2597 471 2687 postearex
500 2594 615 2687 quisi
658 2598 840 2687 successit,
884 2623 936 2675 se·
993 2622 1067 2673 uuus
1087 2597 1152 2671 suit
1167 2598 1235 2670 dux
1255 2596 1339 2669 Bela
1359 2595 1496 2670 tandem
1520 2615 1583 2666 rex
1608 2592 1672 2686 qui

264 2716 394 2789 cundus
422 2715 488 2789 fuit
516 2717 584 2790 dux
612 2717 851 2811 Oolomanuus,
867 2726 936 2795 ter·
992 2720 1023 2795 ei
1051 2718 1236 2805 successit,
1266 2717 1433 2792 secundus
1466 2717 1533 2789 dux
1568 2716 1671 2789 Oolo·

265 2836 333 2911 tius
362 2837 428 2911 fuit
455 2839 524 2912 dux
552 2838 719 2916 Andreas.
992 2864 1146 2930 mannus,
1164 2840 1290 2914 tertius
1304 2840 1479 2927 Andreas;
1510 2843 1545 2912 et
1563 2860 1672 2911 unarn

993 2963 1110 3054 filiam,
1131 2964 1267 3037 beatem
1288 2961 1418 3038 scilicet
1433 2960 1626 3036 Elisabeth.

370 3168 430 3242 20.
463 3170 546 3244 Post
574 3172 658 3247 haec
686 3174 844 3267 regnauit
879 3197 940 3248 ren
1099 3172 1160 3246 20.
1193 3170 1283 3245 Huic
1308 3171 1465 3245 Andreae
1492 3169 1568 3264 regi
1594 3192 1674 3244 suc·

266 3288 354 3363 Belo
383 3297 525 3384 quartus
552 3294 645 3369 fflius
672 3297 764 3392 regis
784 3292 940 3371 Andreae
995 3294 1096 3369 cessit
1117 3294 1208 3368 filius
1242 3317 1303 3368 rex
1331 3294 1416 3367 Bela
1448 3298 1607 3386 quartus,
1640 3296 1678 3365 et

266 3416 450 3508 utsupra,
480 3417 940 3495 annisXXXVnuensibus
995 3416 1153 3512 regnarit
1193 3415 1292 3491 annis
1330 3414 1474 3511 triginta
1509 3414 1674 3509 quinque,

267 3540 347 3614 Vll.
390 3539 484 3615 Obiit
534 3545 648 3616 autem
684 3563 772 3615 auno
813 3541 941 3617 domiui
996 3538 1169 3613 mensibus
1204 3542 1353 3632 septen.
1388 3536 1490 3612 Ouios
1514 3540 1674 3631 tempore

267 3662 509 3738 lloOOoLXX.
538 3664 584 3740 V.
613 3664 690 3738 Non
718 3663 810 3737 Maii.
839 3665 941 3739 Ouins
996 3684 1084 3734 auno
1105 3660 1236 3735 scilicet
1264 3658 1493 3734 ducentesimo
1523 3658 1675 3752 quadra·

268 3806 393 3881 corpus
421 3785 605 3879 requiescit
633 3786 668 3860 in
688 3787 832 3860 ecclesia
856 3787 940 3860 frat·
996 3781 1125 3876 gesimo
1145 3782 1256 3876 primo
1275 3782 1398 3857 tartari
1418 3806 1494 3857 cunr
1512 3779 1673 3856 multitu·

272 3931 347 3981 runu
374 3907 543 3981 minorum
574 3907 754 4003 Strigonii.
784 3909 849 3981 Hic
883 3910 942 3981 ha·
998 3904 1077 3978 diue
1114 3905 1251 3999 copiosa
1293 3928 1437 4000 regnum
1472 3901 1678 3999 Hungeriae

269 4030 343 4104 buit
374 4030 457 4104 duos
485 4031 593 4106 filios:
622 4030 752 4125 primus
782 4031 847 4104 suit
875 4034 943 4108 clun
974 4026 1217 4169 yinuaserant,
1251 4034 1286 4099 ot
1317 4026 1479 4102 debiliter
1517 4028 1677 4102 devasta-

270 4152 469 4248 Stephauus
496 4158 616 4247 postea
651 4177 732 4245 rex,
776 4158 944 4229 secundus
998 4156 1129 4223 uerunt.
1163 4150 1363 4224 Manseruut
1390 4150 1480 4223 euim
1507 4149 1577 4242 ipsi
1602 4154 1678 4223 tra·

270 4275 337 4351 fuit
366 4277 435 4351 dux
462 4278 559 4350 Bela.
998 4271 1186 4345 taritribus
1199 4271 1298 4346 annis
1315 4271 1486 4347 continuis
1501 4272 1536 4345 in
1552 4295 1677 4368 regno.

999 4393 1092 4469 Obiit
1111 4400 1224 4469 autem
1242 4419 1330 4470 anno
1351 4394 1478 4469 domini
1489 4395 1678 4470 millesimo

1000 4517 1229 4591 ducentesimo
1249 4517 1521 4614 septuagesimo,
1555 4516 1678 4610 quinto

274 4657 429 4668 Β*

381 4726 405 4815 ¹)
429 4727 492 4794 Ood
520 4726 660 4794 llCOXl.
1108 4724 1131 4808 ¹)
1146 4725 1230 4790 Edit.
1245 4726 1355 4810 primo;
1374 4724 1506 4791 forsitan
1526 4749 1533 4789 ι
1555 4724 1679 4807 quinto,

1000 4832 1036 4898 ut
1052 4830 1074 4896 Z
1102 4830 1204 4897 habet.
1225 4828 1251 4917 ²)
1269 4829 1387 4896 Martii.
1406 4829 1489 4913 Edit.
