3660 5506
890 291 934 357 42

836 383 992 392 ——-

212 505 359 590 fecisse
392 505 644 615 perhibetur,
663 505 772 613 quod
808 533 912 614 puer
943 531 1145 588 annorum
1171 505 1356 614 quinque
1378 532 1453 613 per
1478 505 1625 614 ipsum

212 630 397 710 foramen
432 629 545 710 exire
579 640 620 709 et
652 627 802 708 intrare
835 629 933 710 satis
965 629 1076 733 large
1103 628 1316 735 potuisset.
1342 628 1466 709 Facto
1499 657 1626 711 nam·

213 778 296 860 que
328 751 567 859 spectaculo
601 750 878 855 hungarorum
914 765 954 832 et
972 775 1189 854 grecorum
1224 762 1447 857 parataque
1459 745 1488 858 ¹)
1524 779 1628 835 area

211 874 261 956 ad
306 874 546 954 certandum
589 886 684 953 ante
726 886 883 979 portam
929 872 1057 973 urbiS,
1100 899 1230 979 parua
1271 873 1387 953 hora.
1409 872 1533 955 simul
1578 875 1623 956 in

211 1023 343 1078 unum
376 994 632 1096 dimicantes,
656 1021 801 1099 grecus
835 994 875 1074 in
909 1008 1056 1075 terrain
1084 1022 1158 1100 per
1191 995 1422 1100 hungarum
1457 1009 1521 1077 est
1546 997 1624 1077 de·

211 1130 361 1220 trusae,
397 1131 438 1198 et
468 1117 604 1199 statim
639 1116 728 1196 sine
773 1143 887 1197 mora
919 1116 1108 1223 spiritum
1144 1115 1368 1198 exhalauit.
1401 1115 1521 1210 Quod
1559 1120 1623 1200 la·

212 1251 324 1322 ctum
359 1251 401 1320 et
440 1265 581 1322 casum
624 1264 837 1344 grecorum
884 1239 1106 1346 imperator
1148 1238 1219 1344 qui
1261 1239 1396 1320 stabat
1428 1238 1467 1325 in
1502 1240 1623 1323 urbis

210 1362 524 1471 propugnaculo
568 1389 663 1443 curn
706 1361 880 1466 coniuge
929 1386 1004 1442 sua
1048 1387 1120 1466 pro
1166 1361 1318 1465 ingenti
1363 1363 1622 1444 verecundia

210 1497 451 1594 reputantes
483 1483 610 1566 iacies
643 1496 883 1565 auerterunt
915 1478 1052 1587 suas²)
1087 1495 1304 1590 pergentes
1327 1481 1368 1563 in
1391 1483 1618 1590 palacium.

211 1601 552 1719 Verumtamen3)
586 1634 681 1687 cum
717 1606 887 1710 hungari
927 1632 1097 1687 censum
1134 1604 1389 1711 repetissent,
1422 1631 1495 1713 pro
1530 1634 1618 1714 quo

212 1741 422 1812 certamen
459 1729 725 1810 commissum
765 1729 900 1809 luerat
931 1740 972 1807 et
1004 1742 1246 1834 pugnaturn,
1281 1742 1322 1808 et
1352 1728 1450 1808 (lum
1485 1729 1616 1811 risum

211 1854 367 1934 faceret
397 1876 611 1957 grecorum
655 1850 877 1956 imperator
916 1851 967 1930 de
1011 1877 1138 1932 censu
1180 1849 1398 1957 postulato,
1431 1856 1619 1934 recesscss

212 1968 348 2079 runt⁴)
382 1972 555 2080 hungari
588 1972 638 2052 de
665 1973 877 2053 obsidione
900 1972 1088 2073 ciuitatis,
1115 1973 1416 2079 depopulantes
1427 1969 1457 2078 ⁵)
1483 1986 1617 2055 totam

213 2095 414 2198 Greciarn‚
459 2090 820 2201 haurientesque⁶)
864 2122 916 2175 ex
959 2122 1007 2175 ea
1050 2121 1195 2175 aurum
1240 2120 1424 2198 gemmas
1468 2110 1509 2175 et
1551 2123 1619 2177 ar·

212 2231 353 2300 menta
384 2217 555 2321 infinita,
588 2217 731 2324 sieque
765 2217 815 2297 ad
850 2216 1013 2323 propria
1046 2231 1142 2298 sunt
1175 2217 1343 2298 reuersi.
1370 2215 1618 2300 Communi·

211 2354 273 2422 tas
307 2341 445 2448 itaque
480 2341 756 2444 hungarorum
792 2367 886 2420 eum
921 2339 1005 2420 suis
1042 2339 1267 2445 capitaneis
1299 2337 1388 2419 siue
1422 2337 1617 2445 ducibnS,

211 2463 288 2543 hec
332 2477 373 2542 et
414 2461 494 2542 alia
537 2461 773 2543 huiusmodi
816 2487 949 2567 usque
992 2462 1042 2540 ad
1076 2474 1263 2568 tempora
1303 2461 1451 2542 Toxun
1495 2461 1619 2546 ducis

211 2585 384 2692 gessisse
418 2583 668 2690 perhibetur.

367 2719 437 2799 De
451 2719 757 2823 generacione
776 2720 926 2798 sancti
945 2717 1168 2822 Stephani
1186 2718 1323 2822 prtml
1341 2718 1469 2821 regie
1487 2717 1620 2798 Eun·

209 2842 354 2947 gatte,
382 2846 489 2945 post
525 2838 778 2921 secundum
810 2842 1073 2944 ingressum
1101 2838 1159 2919 de
1188 2838 1333 2920 Scitis
1359 2840 1407 2919 ln
1433 2839 1619 2921 Panno·

207 2965 345 3065 mam,
375 2984 431 3042 ao
461 2961 517 3043 de
546 2963 645 3042 vita
672 2961 808 3043 bellis
836 2967 882 3043 et
908 2968 1055 3043 morte
1084 2961 1302 3043 eiusdem.

366 3091 436 3172 60.
473 3090 595 3170 Porro
637 3089 785 3170 'loxun
830 3089 972 3194 genuit
1016 3090 1225 3197 Geyeham
1270 3103 1311 3169 et
1352 3087 1615 3190 llielraelern,

207 3211 384 3295 Michael
417 3238 514 3293 vero
548 3211 690 3317 genuit
723 3210 898 3293 Caluum
934 3212 1168 3293 Ladialaurn
1205 3224 1246 3291 et
1272 3209 1408 3293 Vazul.
1442 3208 1616 3317 Geyoha

207 3361 305 3419 vero
345 3334 486 3416 diuino
527 3334 782 3441 premonitus
826 3334 992 3415 oraculo
1030 3360 1138 3415 anno
1176 3333 1380 3413 dominice
1424 3333 1614 3413 incarna-

208 3457 336 3540 cionis
370 3453 620 3537 DCCCCLX
644 3481 752 3535 nono
786 3457 1139 3563 quemadmodum
1164 3456 1204 3535 in
1228 3455 1404 3561 legenda
1435 3453 1564 3536 sancti
1577 3448 1610 3562 ⁷)

205 3578 406 3689 Stephani
442 3577 548 3683 regis
588 3577 787 3684 scriptum
831 3593 903 3679 est,
936 3579 1079 3683 genuit
1120 3592 1310 3659 sanctum
1350 3576 1610 3684 Stephanum

206 3730 345 3809 regern
379 3729 432 3782 ex
466 3695 667 3804 Sarolth⁸)
691 3699 773 3779 filia
795 3696 983 3807 Gyule9).
1006 3699 1062 3780 At
1094 3728 1166 3780 rex
1201 3699 1436 3807 Stephanus
1470 3697 1612 3804 plures

207 3824 375 3933 quidem
409 3822 552 3927 genuit
589 3821 706 3920 tilios,
739 3822 810 3901 sed
845 3823 951 3902 inter
993 3822 1093 3903 alios
1137 3821 1279 3903 habuit
1312 3848 1442 3902 unum
1478 3819 1610 3901 tilium

206 3947 374 4028 nornine
406 3940 707 4049 Ernericurn¹⁰)
750 3944 827 4025 deo
869 3944 1090 4025 amabilem
1131 3959 1171 4024 et
1208 3943 1445 4024 horninibus
1479 3942 1610 4050 (leb).

205 4067 502 4169 honorabilem,
536 4066 654 4148 cuius
689 4066 887 4162 memoria
919 4067 960 4145 in
994 4066 1281 4148 benedictione
1316 4080 1389 4146 est.
1424 4063 1500 4145 llic
1533 4091 1607 4145 au-

206 4205 290 4272 tem
334 4217 409 4298 per
450 4188 715 4271 inscrutabile
757 4187 885 4268 diuini
929 4188 1083 4295 consily
1120 4186 1316 4268 iudicium
1362 4201 1501 4293 raptus
1546 4200 1611 4268 est

206 4312 257 4395 de
290 4312 427 4394 medio
467 4338 520 4392 ne
556 4310 719 4391 malicia
751 4309 988 4390 innnutaret
1021 4308 1279 4391 intellectum
1326 4309 1430 4410 ciue,
1473 4322 1513 4388 et
1554 4336 1609 4389 ne

205 4501 413 4510 ————-

366 4585 390 4666 'l
414 4612 477 4682 qne
505 4611 569 4662 orn.
602 4585 629 4670 ²)
660 4593 804 4662 auertat.
837 4589 900 4661 tac
932 4583 960 4667 ³)
984 4587 1111 4661 Verum
1140 4609 1226 4659 curn.
1258 4589 1291 4660 S.
1333 4580 1360 4664 ⁴)
1395 4550 1608 4658 recedentes

207 4693 277 4768 VP.
317 4687 344 4774 ὁ1
378 4693 573 4789 depopulati
602 4699 693 4767 suut.
723 4695 792 4766 VP.
838 4690 864 4774 ὅ1
900 4716 974 4787 que.
1004 4715 1068 4764 orn.
1115 4687 1140 4770 ⁷)
1173 4690 1275 4765 beati.
1315 4686 1342 4772 8)
1368 4691 1497 4764 Saroch
1535 4689 1610 4764 lilia

206 4797 315 4895 Gyule
358 4800 398 4875 ll.
430 4794 456 4882 ⁹)
481 4799 600 4895 Gyula.
635 4796 675 4882 ¹⁰)
704 4796 897 4872 Emirioum.
928 4798 964 4874 S.
996 4793 1235 4899 (constanter.)
