3660 5506
840 320 996 420 —96—

218 528 276 608 En
312 529 448 609 nobile
482 558 631 638 crnpns
664 534 769 638 regis
802 533 1032 615 Salomonis
1076 533 1281 638 regalibus
1323 531 1479 640 (lelioys
1516 531 1619 612 edu·

217 663 369 750 catum,
404 651 509 732 lauet
542 654 580 734 in
617 655 788 761 puluere
822 670 863 736 et
896 656 1031 736 einero
1064 656 1292 759 fatigatum.
1315 654 1365 735 Et
1398 653 1466 762 qui
1503 653 1621 760 prius

218 774 430 879 pugnabat
464 802 535 881 pro
569 778 879 883 temporalibus,
913 806 1025 858 nune
1068 777 1200 859 solum
1247 776 1423 857 intendit
1455 775 1621 857 celesti-

220 895 308 975 bus
341 894 489 975 Totum
533 898 641 978 eninr
685 913 851 1007 tempus
885 900 966 980 vite
1007 927 1081 980 suo
1126 899 1163 979 in
1209 897 1545 1006 peregrinacione
1581 911 1624 979 et

218 1017 414 1116 oratione,
448 1018 486 1097 in
521 1019 681 1128 ieiuuys
715 1035 755 1101 et
788 1022 932 1129 vigilys
966 1023 1005 1101 iu
1045 1022 1252 1102 laboribus
1286 1037 1327 1101 et
1358 1019 1621 1102 obsecra-cio-

219 1138 341 1219 nibus
377 1143 648 1222 oonsumauit.
686 1141 767 1231 (Hio
799 1142 912 1213 dolet-a
950 1141 1090 1214 suntin
1120 1140 1233 1213 oodioe
1269 1142 1368 1214 haee:
1403 1139 1537 1230 „Visus
1567 1143 1624 1212 est

222 1257 329 1331 otiam
358 1260 462 1331 semel
492 1259 526 1332 in
556 1262 734 1355 Hungnria
763 1270 913 1357 tompore
947 1263 1039 1357 mgis
1076 1262 1266 1352 Colomani,
1296 1263 1353 1335 sod
1392 1261 1510 1335 statim
1539 1261 1626 1334 deli·

219 1379 323 1460 mir:
354 1380 557 1474 additurque
586 1385 699 1457 colore
728 1383 827 1457 viridi
846 1386 868 1481 :l
904 1390 1014 1469 l‘i'sio.
1050 1388 1225 1486 (trifidam
1259 1393 1337 1467 iriae
1370 1401 1462 1466 reste
1488 1415 1625 1466 mono·

219 1504 320 1584 rituli
359 1503 503 1585 derebus
542 1509 662 1586 solum
707 1524 897 1590 contentus
930 1512 1095 1621 Ιἴτιηιιιῖίε
1135 1509 1273 1590 Album
1309 1510 1471 1616 repulem
1516 1513 1627 1608 orarit,

218 1626 342 1735 ibique
368 1628 413 1706 de
442 1656 556 1708 erinna
583 1630 762 1710 Lnrlr‘zlni
789 1633 929 1738 sintrio
952 1637 1014 1711 sui
1038 1633 1277 1712 elemosinam
1300 1635 1468 1736 serrupsit.
1505 1628 1627 1728 Quem

218 1777 303 1829 cum
329 1749 536 1833 [ladizlaus
568 1758 799 1858 ropnouisset
827 1759 949 1834 b‘nnrit
977 1783 1085 1852 euur3
1113 1768 1146 1834 et
1167 1755 1362 1860 (lilipenter
1385 1756 1534 1861 requiri
1557 1754 1627 1857 fn·

219 1876 318 1951 ciens
344 1887 551 1978 potuerunt
582 1903 664 1953 euru
698 1880 868 1955 inuenire
899 1877 1000 1955 nullo
1035 1877 1145 1955 inodo
1159 1871 1200 1980 ¹).
1240 1874 1360 1957 Visus
1393 1891 1455 1956 est
1488 1874 1625 1958 eciam

218 1990 389 2102 semel²)
424 1997 461 2075 in
501 1993 710 2099 Hunguria
743 2015 929 2104 tempore
959 1999 1067 2103 =regis
1100 1996 1342 2078 Colomanui
1376 1996 1445 2077 sed
1481 1996 1625 2077 statim

218 2115 391 2218 delituit,
412 2144 490 2198 neo
516 2143 701 2222 unquam
735 2121 914 2226 amplius
952 2115 1222 2227 oonpa1·uit³).
1256 2118 1446 2225 lligrauit
1477 2133 1624 2199 autem

218 2264 270 2316 ex
306 2239 383 2320 boo
421 2238 561 2321 seculo
594 2240 644 2319 ad
678 2241 893 2322 dominum
928 2253 968 2322 et
1000 2243 1189 2348 sepultus
1222 2257 1284 2323 est
1315 2241 1411 2321 Pole
1443 2239 1483 2320 in
1520 2241 1627 2321 oiui·

218 2373 300 2439 tate
344 2357 513 2467 Istrie⁴).
558 2360 674 2442 Uxor
712 2378 851 2444 autem
895 2365 983 2463 eius
1017 2381 1057 2444 et
1089 2383 1221 2444 mater
1252 2365 1292 2444 in
1327 2361 1521 2468 Agmund
1559 2389 1627 2444 re·

218 2481 492 2590 qrriesount⁵).
1044 2567 1048 2573 .

375 2605 473 2688 113.
507 2607 627 2712 (toa)
648 2602 741 2712 At⁰)
764 2636 836 2688 rex
870 2608 1084 2690 Ladizlaus
1116 2609 1157 2689 in
1192 2608 1395 2688 anteriora
1426 2631 1470 2687 se
1504 2631 1621 2687 sem-

209 2754 284 2834 per
316 2729 548 2810 extendens
571 2744 612 2809 et
632 2728 683 2809 de
702 2730 850 2811 virtute
872 2732 912 2811 in
935 2732 1128 2811 virtutem
1164 2730 1427 2837 proficiscens
1438 2722 1470 2833 ⁷)
1490 2729 1621 2833 quasi

210 2850 369 2954 virgula
401 2851 503 2932 fumi
536 2851 765 2933 ascendens
802 2879 856 2932 ex
890 2854 1141 2934 aromatibus
1176 2852 1297 2932 mirre
1330 2864 1370 2930 et
1402 2849 1536 2931 tburis
1573 2867 1619 2931 et

210 2972 393 3054 uniuersi
439 2973 621 3079 pulueris
666 2974 935 3082 pigmentary,
973 2975 1043 3081 qui
1076 2999 1159 3055 non
1192 2973 1328 3055 solum
1363 2972 1403 3052 in
1437 2969 1617 3078 Huuga·

207 3093 308 3175 riam
343 3095 415 3176 sed
449 3095 579 3175 eciam
614 3094 651 3174 in
688 3097 883 3177 uniuersa
918 3124 1044 3201 regna
1076 3094 1381 3177 christianitatis
1413 3095 1618 3199 respersit

207 3215 373 3296 odorem
409 3212 679 3322 suauitatis⁸).
703 3217 822 3298 Unde
849 3235 1010 3300 mortuo
1045 3218 1324 3299 Romanorum
1358 3217 1617 3322 imperatore

209 3337 336 3418 duoes
370 3349 410 3418 et
442 3339 645 3418 tetrarolre
678 3340 994 3439 teutonicorum,
1014 3340 1237 3446 cunctique
1258 3340 1433 3421 barones
1466 3358 1507 3416 et
1536 3364 1618 3445 op·

206 3459 368 3541 timates
402 3461 677 3541 communiter
710 3475 750 3541 et
783 3463 1038 3543 concorditer
1082 3475 1331 3567 rogauerunt
1372 3453 1524 3563 euml),
1563 3477 1617 3541 ut

206 3582 434 3688 susciperet
475 3582 706 3688 imperium.
750 3582 856 3678 Quia
898 3611 994 3665 vero
1038 3585 1125 3691 ipse
1166 3610 1248 3664 non
1289 3608 1376 3680 sua,
1410 3580 1481 3661 sed
1524 3607 1617 3688 que

204 3702 307 3784 lesu
340 3702 487 3785 (linisti
520 3720 618 3784 sunt
637 3707 849 3810 querebat,
869 3706 966 3787 illud
993 3706 1181 3787 diuinum
1216 3704 1429 3785 oraculum
1465 3719 1617 3785 mente

206 3825 351 3907 sedula
385 3821 714 3931 reuoluebat¹⁰):
734 3826 823 3907 Non
844 3828 1149 3933 transgrediaris
1169 3827 1365 3908 terminos
1398 3824 1616 3931 antiquos,

209 3972 313 4052 quos
346 3963 575 4055 posueruut
612 3962 747 4054 patres
784 3944 918 4054 tui¹¹).
958 3952 1188 4055 illatrimonp
1220 3955 1317 4029 enirn
1360 3948 1499 4052 copulo
1532 3949 1620 4029 ‹lis-

210 4118 417 4129 ——

370 4186 394 4271 ¹)
419 4189 545 4262 similia
563 4190 666 4261 habet
685 4190 789 4262 Kena.
808 4190 911 4263 Fout.
934 4189 983 4262 Il.
1007 4212 1039 4281 p.
1072 4194 1130 4263 87.
1155 4184 1181 4264 'r
1206 4212 1272 4262 orn.
1295 4189 1334 4261 Α.
1367 4185 1393 4266 ⁸)
1424 4186 1552 4276 „Visus
1577 4234 1629 4244 -—

209 4335 258 4346 -
287 4293 496 4388 comparuit“
533 4315 598 4366 orn.
634 4292 670 4366 S.
704 4290 732 4374 ⁴)
766 4293 883 4366 Istria.
914 4294 983 4365 VP.
1013 4290 1039 4370 ὁ)
1072 4294 1232 4386 Sequitur
1260 4293 1486 4386 inmargino
1517 4315 1627 4367 runnu

211 4400 315 4473 seouli
341 4399 434 4473 rt-i:
469 4399 685 4492 Sepultus
719 4401 786 4470 est
815 4399 859 4470 in
886 4398 1143 4492 hepoglaua
1172 4401 1362 4470 claustro
1392 4397 1628 4471 heremita-

212 4525 314 4577 rum.
345 4502 409 4576 Ibi
438 4503 549 4575 onim
578 4503 1102 4595 oxmarmorosoulpturn
1130 4506 1445 4574 monumentum
1472 4502 1629 4576 habet.

213 4604 240 4689 ⁶)
275 4631 364 4682 vero.
391 4608 466 4680 add.
492 4607 533 4680 Α.
566 4607 600 4678 S.
625 4600 652 4678 'l
687 4605 879 4698 proficiens
911 4608 949 4678 t.
980 4612 1024 4678 et.
1052 4609 1121 4679 ΥΡ.
1163 4606 1290 4698 „quasi
1324 4607 1459 4698 virgula
1496 4646 1546 4656 -
1578 4651 1624 4661 —

212 4713 450 4810 pigmentary“
481 4734 547 4785 on.
565 4711 609 4784 V.
632 4705 660 4790 ⁸)
687 4734 752 4784 orn.
781 4712 822 4785 V.
847 4710 1028 4785 suauitatis
1048 4711 1196 4786 odorem.
1223 4710 1293 4787 VP.
1322 4705 1349 4787 9)
1380 4710 1504 4805 ipsum.
1544 4711 1627 4789 ΥΡ.

218 4813 258 4900 ²⁰)
275 4817 384 4911 ,illud
415 4858 457 4873 ·-
487 4815 721 4896 reuolutus
755 4838 821 4893 om.
851 4818 892 4894 Α.
922 4814 959 4895 S.
994 4812 1032 4899 ¹¹)
1049 4820 1188 4915 patrum
1215 4820 1350 4892 tuorum
1378 4815 1448 4894 VP.
