3660 5506
890 394 934 462 43

211 610 321 692 fictio
355 612 565 719 deciperet
598 612 781 694 animum
818 613 918 714 eius,
943 611 1298 720 quemadmodum
1321 612 1373 692 de
1395 612 1615 694 immatura

212 750 343 813 morte
378 734 569 816 scribitur
601 735 643 814 in
683 736 786 817 libro
827 734 1056 842 Sapiencie.
1094 733 1149 816 Ut
1182 760 1277 840 ergo
1310 748 1402 816 acta
1433 761 1487 815 ne
1519 761 1614 841 aga·

211 883 317 958 mus,
336 872 377 936 et
412 857 601 962 exposita
622 885 674 936 ne
708 883 981 964 exponamus,
1011 869 1113 963 quot
1134 871 1175 937 et
1208 858 1372 964 quantis
1394 856 1614 941 virtutibus

210 977 403 1077 doment,
433 992 475 1057 et
508 1006 633 1085 quam
667 979 834 1061 feruens
867 981 906 1059 in
942 980 1008 1059 dei
1042 978 1217 1060 seruicio
1250 993 1419 1062 sanctus
1453 980 1614 1062 confes·
1680 984 1683 993 '

210 1126 279 1181 sor
320 1099 468 1182 Christi
510 1101 723 1182 [immicus
765 1103 852 1182 dux
894 1101 1027 1201 fuerit,
1060 1100 1239 1182 seribere
1282 1102 1614 1208 supersedimus}

214 1222 369 1328 quique
383 1217 411 1328 ¹)
446 1223 554 1303 enirn
590 1224 667 1303 hoo
695 1223 798 1305 scire
816 1224 992 1305 voluerit
1013 1250 1064 1303 ex
1088 1222 1264 1329 legenda
1297 1223 1481 1306 eiusdem
1515 1226 1614 1307 bea·

212 1344 359 1432 tissimi
395 1345 651 1446 confessoris,
687 1346 852 1452 plenam
875 1346 1133 1428 sanctissime
1167 1345 1255 1427 eius
1289 1347 1614 1429 conuersationis

209 1461 448 1572 noticiam²)
485 1468 635 1549 habere
668 1468 828 1574 poterit.

369 1642 439 1720 61.
476 1637 822 1724 83ηοῐιιεῑιιιῑθιη
865 1670 937 1723 rex
977 1642 1212 1750 Stephanus
1252 1642 1333 1723 iam
1377 1643 1537 1750 pridem
1569 1641 1611 1723 in

210 1763 496 1844 adolescencia
530 1792 605 1844 sua
639 1779 780 1844 contra
813 1760 999 1874 Cupan³)
1026 1765 1176 1846 ducem
1210 1765 1358 1845 fortem
1392 1776 1434 1845 et
1465 1777 1611 1871 poten·

210 1905 293 1965 tem
323 1884 479 1965 bellum
499 1889 624 1990 gessit
647 1887 882 1991 gloriosum.
903 1886 1000 1969 Erat
1031 1901 1172 1968 autem
1202 1885 1348 1993 Cupan
1373 1886 1482 1969 filius
1505 1886 1612 1968 calui

208 2006 381 2112 Zyrind,
420 2008 490 2113 qui
540 2010 671 2089 eciam
713 2009 881 2090 uiuente
925 2008 1094 2117 Geyoha
1140 2003 1288 2114 ducah
1321 2023 1437 2116 patre
1480 2009 1612 2092 sancti

208 2127 408 2234 Stephani
450 2132 554 2234 regis
597 2131 793 2211 (locatum
839 2132 1019 2213 tenebat.
1054 2131 1215 2213 Mortuo
1261 2146 1400 2213 autem
1443 2130 1612 2240 Geyoha

208 2251 316 2330 (lnce
350 2248 495 2356 Cnpan
525 2253 655 2333 rolnit
688 2266 861 2332 matrem
895 2255 1024 2334 sancti
1059 2251 1257 2361 Stephani
1290 2254 1395 2357 regis
1428 2253 1506 2335 sibi
1538 2279 1612 2359 per

207 2373 491 2452 incestuosmn
516 2375 710 2480 copulare
738 2375 1006 2477 connubium,
1026 2391 1067 2455 et
1084 2391 1275 2457 sanctum
1287 2370 1316 2481 ⁵)
1351 2373 1610 2482 Stephanum

207 2493 408 2596 occidere,
443 2497 726 2602 ducatumque
761 2496 848 2578 eius
881 2523 955 2578 sue
989 2498 1165 2579 subdere
1200 2497 1405 2604 potestati.
1437 2496 1514 2578 Hic
1545 2497 1610 2578 fu·

207 2629 298 2696 erat
329 2616 416 2695 dux
450 2616 729 2726 Symigiensis.
754 2616 930 2702 Sanctus
963 2634 1102 2701 autem
1136 2617 1371 2727 Stephanus
1405 2645 1611 2701 conuoca-

206 2739 260 2819 tis
293 2741 533 2844 proceribus
565 2742 662 2838 suis,
690 2767 763 2848 pcr
796 2740 1074 2823 interuentmn
1109 2740 1334 2823 beatissimi
1367 2742 1610 2825 confessoris

206 2857 412 2967 Martini⁶)
456 2863 596 2945 diuine
641 2863 916 2945 misericordie
958 2863 1194 2969 implorauit
1236 2863 1452 2944 auxilium.
1496 2864 1610 2944 Post·

205 2981 379 3063 modum
413 3012 510 3067 vcro
544 2980 814 3092 conuocatol)
858 2985 1055 3087 exercitu,
1091 2985 1271 3093 perrexit
1303 2985 1468 3066 obuiam
1505 2986 1609 3068 hosti

205 3130 295 3205 su0,
330 3120 371 3184 et
402 3107 452 3186 ad
486 3134 652 3188 amnem
676 3103 880 3214 Garany⁸)
901 3107 1091 3214 primitus
1125 3107 1334 3187 accinctus
1369 3122 1430 3188 est
1462 3107 1608 3211 gladi0,

206 3226 349 3334 ibique
382 3230 432 3308 ad
467 3230 695 3311 custodiam
731 3228 952 3336 corporalis
981 3229 1125 3311 salutis
1158 3256 1231 3310 suc
1266 3228 1369 3310 duos
1403 3229 1609 3335 principes

206 3347 326 3428 Hunt
358 3364 399 3431 et
430 3347 631 3457 Pannnd)
674 3352 895 3432 coustituit.
930 3351 1078 3432 'locius
1123 3364 1259 3431 autem
1306 3351 1513 3432 exercitus
1546 3351 1610 3432 sui

206 3470 436 3577 principem
472 3490 513 3553 et
546 3473 757 3554 (luctorcm
792 3469 1118 3578 Vecellinum¹⁰>
1160 3472 1362 3578 hospitem
1397 3473 1607 3555 almanum

206 3619 359 3696 genere
393 3597 575 3703 prefecit.
609 3594 838 3677 Commisso
883 3595 1021 3701 itaque
1063 3593 1204 3700 prelio,
1237 3593 1344 3674 inter
1385 3607 1609 3701 utrumque

208 3714 282 3794 diu
325 3731 365 3797 et
404 3714 561 3797 fortiter
593 3733 655 3798 cst
688 3712 1000 3822 pugnatum¹¹),
1043 3716 1115 3797 sed
1157 3714 1297 3796 diuine
1338 3715 1610 3798 miserationis

208 3837 364 3918 auxilio
397 3841 543 3919 beatus
567 3837 802 3944 Stephanus
825 3838 907 3919 (lux
934 3837 1150 3943 gloriosam
1186 3836 1365 3916 obtinuit
1382 3836 1609 3918 victoriam.

208 3957 254 4037 ln
291 3961 434 4040 cmlcrn
472 3961 599 4067 prelio
633 3955 934 4066 Vecellinus¹²)
968 3985 1107 4040 ornnes
1130 3957 1333 4038 interfecit
1354 3956 1498 4065 Cupan
1534 3959 1610 4051 dn·

208 4106 301 4159 cem
336 4095 376 4161 et
407 4082 644 4187 largissimis
669 4082 878 4188 benefioys
911 4108 935 4161 a
967 4080 1176 4187 Stephano
1202 4100 1303 4160 tnnc
1337 4080 1442 4160 duce
1475 4108 1611 4162 remu·

207 4217 376 4285 neratus
410 4218 481 4284 est.
519 4204 659 4310 Ipsum
696 4230 792 4283 vcro
831 4202 974 4309 Cnpan
1011 4203 1157 4284 beatus
1190 4199 1424 4308 Stephanus
1457 4199 1610 4309 dnxffl)

368 4476 391 4555 ¹)
416 4479 579 4573 quisquis.
612 4474 637 4560 ²)
662 4478 929 4552 conuersationis
958 4478 1029 4551 eius
1059 4481 1127 4551 not.
1159 4473 1185 4559 ³)
1211 4478 1349 4570 cupam.
1368 4479 1403 4551 8.
1434 4480 1608 4570 (constan-

207 4581 290 4680 ter.)
334 4580 359 4658 Ἰ
383 4584 495 4678 Geysa
531 4585 614 4658 duco
651 4585 765 4676 Cupan
804 4582 912 4655 roluit
946 4587 1086 4656 matrem
1122 4583 1157 4656 8.
1189 4581 1310 4676 Steph.
1347 4580 1438 4674 regis
1473 4585 1537 4655 etc.
1568 4584 1607 4655 V.

207 4681 236 4764 ⁵2
261 4709 326 4760 om.
348 4689 382 4762 8.
411 4686 438 4750 ⁶¹
462 4691 561 4762 Mart.
583 4690 670 4762 conf.
691 4684 716 4768 7)
734 4692 953 4782 congregato.
976 4683 1003 4766 ⁸>
1020 4710 1138 4781 geron.
1170 4682 1197 4768 9)
1222 4689 1379 4759 Paruum.
1402 4687 1437 4760 8.
1458 4682 1497 4762 ¹⁰)
1517 4687 1606 4760 Ven-

204 4791 379 4868 celliunm.
409 4794 452 4867 B.
483 4793 706 4867 Vencilinum.
737 4795 778 4865 V.
808 4795 846 4865 P.
868 4790 1089 4867 Vecellinum.
1110 4793 1143 4864 S.
1178 4785 1219 4869 ¹¹)
1239 4790 1444 4864 dimicatum.
1471 4785 1512 4871 ¹⁸)
1531 4813 1608 4864 uce-

205 4899 311 4973 linus.
334 4898 369 4972 S.
391 4898 606 4972 Ventilinus.
629 4899 675 4972 V.
706 4900 745 4971 P.
761 4896 998 4972 Venrellinus.
1027 4898 1068 4969 B.
1103 4890 1142 4977 ¹³)
1171 4917 1237 4969 om.
