3592 5490
10 39 80 515 l

194 535 481 626 instrumentis
520 543 745 645 literarum,
779 558 820 624 et
851 547 1041 626 roborato
1076 544 1169 625 lidei
1202 543 1461 625 hunamento
1495 570 1597 625 una·

186 661 360 746 nimiter
396 679 682 775 susceperunt.
717 667 882 747 Abhinc
920 667 1003 769 ,To
1035 667 1158 748 deurn
1206 667 1450 749 landamus“
1486 664 1597 748 altis·

175 784 296 871 sime
331 788 648 895 proclamantes,
681 788 731 868 ad
768 790 917 871 dlham
964 789 1173 870 ciuitatem
1218 789 1372 895 regiam
1416 790 1598 871 deuene·

159 924 301 1012 runt,
322 910 396 992 nhi
419 910 634 992 lohannes
655 910 991 1019 archiepiscopus
1014 910 1251 994 Colocensis
1275 940 1369 994 cnm
1393 911 1598 1019 episcopis

137 1028 282 1136 alys
314 1034 506 1141 superius
540 1033 760 1115 nominatis
796 1033 1017 1115 homnilicc
1050 1053 1310 1120 coronarunt.
1330 1032 1458 1116 Sedes
1481 1048 1598 1114 nanr'-

125 1178 277 1269 qne
309 1168 411 1238 tunc
444 1156 821 1264 archiepiscopatus
854 1155 1143 1262 Strigoniensis
1178 1157 1361 1238 vacabat.
1384 1156 1484 1237 ludo
1515 1156 1599 1239 Bu-

105 1284 183 1369 d
197 1299 289 1359 am
324 1279 551 1380 venientes,
570 1278 710 1385 ibique
731 1278 944 1360 lohannes
980 1278 1315 1386 archiepiscopus
1348 1278 1600 1360 ohdorminit

94 1411 128 1491 i
139 1428 219 1488 n
265 1400 450 1503 domino,
482 1417 525 1482 ct
553 1400 739 1482 lacobus
777 1401 998 1508 episcopus
1040 1399 1325 1507 Sccpusiensis
1366 1401 1526 1507 quieuit
1556 1400 1598 1482 in

77 1522 606 1636 pacet'umulanuu
637 1536 777 1604 antem
813 1524 853 1603 in
889 1522 1064 1605 ecclesia
1096 1523 1227 1603 sancti
1252 1522 1454 1605 -lohannis
1486 1523 1598 1630 apud

73 1647 356 1729 Fratres
389 1645 579 1728 minores.
610 1646 755 1726 Postea
781 1671 875 1750 rege
910 1645 1127 1725 iamdicto
1157 1671 1281 1750 (prom
1318 1645 1488 1750 hungari
1524 1646 1598 1726 La-

65 1766 171 1845 di
179 1766 373 1851 zlaum
414 1769 539 1875 (alb)
573 1782 830 1851 rocunernnt
871 1768 911 1847 in
954 1766 1070 1848 Bnda
1111 1766 1299 1871 degente,
1333 1766 1497 1848 nullum
1530 1794 1598 1848 ca-

58 1902 339 1993 strum,
372 1890 536 1975 nullum
579 1890 641 1973 ins
684 1891 832 1996 regale,
866 1890 980 1970 nulla
1023 1889 1213 1996 potencia
1256 1917 1331 1970 seu
1374 1886 1598 1996 potestas¹)

54 2004 302 2095 sieut
343 2012 493 2095 Karolo
535 2039 663 2121 puero
697 2042 750 2093 cx
795 2026 910 2119 parte
957 2012 1157 2093 baronum
1202 2012 1484 2094 restituuntur.
1517 2010 1599 2092 Sed

53 2151 278 2215 una
311 2162 408 2243 pars
441 2136 553 2242 regni
587 2135 797 2235 Karolnrn,
831 2134 959 2214 altera
1003 2133 1236 2214 ladizlaunr
1270 2160 1408 2239 regern
1442 2134 1598 2241 apella·

56 2245 177 2329 ba
196 2272 297 2339 nt
330 2258 499 2340 nomine
530 2271 691 2338 tantum
714 2257 786 2341 sed
810 2285 891 2336 non
916 2258 1066 2336 effectu
1095 2255 1202 2361 regie
1236 2257 1460 2362 potestatis.
1482 2255 1600 2338 'lunc

55 2392 248 2457 rex
307 2379 562 2463 Vencezlaus
596 2393 712 2486 pater
746 2377 920 2460 ladizlai
958 2377 1120 2459 nouiter
1153 2378 1346 2479 coronati,
1382 2377 1525 2459 videns
1559 2391 1601 2458 et

56 2503 464 2589 considerans
496 2502 685 2610 palliatas
718 2501 928 2583 versucias
978 2501 1267 2605 hungarorum,
1302 2526 1410 2581 anno
1444 2500 1600 2582 domini

61 2616 418 2707 millesimo
450 2624 729 2706 tricentesimo
772 2623 898 2704 tercio
943 2650 1037 2704 cunr
1083 2622 1347 2703 multitudine
1392 2623 1601 2705 exercitus

66 2727 454 2829 Pannoniam
488 2758 551 2829 est
590 2746 810 2851 ingressus,
845 2760 886 2824 et
919 2745 1033 2826 iuxta
1067 2742 1304 2826 Danubium
1339 2744 1447 2826 circa
1478 2745 1599 2827 Pesth

71 2855 186 2941 ali
198 2870 504 2977 quantulum
538 2867 733 2969 residens,
758 2866 990 2948 Ladizlaum
1014 2866 1142 2947 filium
1165 2894 1288 2948 suum
1322 2895 1418 2949 cunr
1451 2893 1602 2947 corona

80 2992 312 3091 regni
345 2990 566 3098 accipiens,
602 3003 642 3070 et
675 2989 912 3069 Ladizlanm
953 2989 1084 3070 lilium
1120 2988 1317 3069 Vernheri
1329 2983 1360 3094 ²)
1401 3002 1600 3070 rectorem

83 3118 262 3191 seu
318 3113 497 3196 iudicem
545 3111 793 3211 Budensem,
836 3127 877 3191 et
920 3110 1120 3217 quosdam
1165 3110 1266 3192 alios
1310 3106 1518 3218 capiens³)
1562 3111 1601 3191 in

86 3240 333 3345 Suum,
357 3262 530 3341 regnum
565 3232 605 3313 iu
641 3260 742 3340 pace
780 3234 1010 3313 reuertitur.
1048 3233 1201 3313 llodenr
1244 3246 1431 3340 tempore
1465 3233 1604 3313 Frater

90 3329 395 3471 Nicolaum
428 3357 480 3437 de
513 3355 655 3437 ordine
688 3355 876 3436 Fratrum
905 3355 1208 3435 l’redicatorum
1243 3354 1465 3461 episcopus
1496 3354 1603 3436 Hos·

92 3465 344 3562 ”ensis
377 3477 607 3578 cardinalis,
641 3477 866 3585 apostolice
900 3477 1008 3558 sedis
1052 3476 1293 3557 anctoritate
1336 3477 1529 3559 suffultus
1563 3476 1602 3556 in

92 3568 455 3709 Humgariam
491 3626 563 3707 pro
597 3600 746 3680 llarolo
791 3599 972 3679 aduenit.
1006 3598 1086 3692 (rui
1121 3598 1235 3678 Bnde
1269 3598 1484 3680 residendo
1517 3598 1603 3679 die·

93 3690 278 3802 bUS
323 3722 524 3831 plurimis,
557 3721 702 3802 videns
745 3748 789 3802 se
834 3722 958 3802 nichil
1003 3746 1123 3827 posse
1168 3720 1377 3826 proficere,
1412 3747 1603 3802 reuersus

94 3839 233 3912 “St
297 3846 337 3927 in
373 3844 541 3943 curiam,
561 3857 602 3923 et
635 3843 688 3923 ihi
725 3839 927 3948 mortnol)
966 3842 1172 3922 llonifacio
1206 3857 1354 3924 ‹rctano
1387 3843 1427 3923 in
1460 3870 1603 3949 sump-

97 3957 175 4022 ¹¹¹
188 3977 263 4043 u
279 3966 363 4074 m³)
396 3965 633 4075 pontificem
669 3964 831 4069 eligitur
853 3982 894 4045 et
927 3979 1100 4067 creatur,
1119 3982 1160 4043 et
1176 3964 1426 4047 Benedictus
1460 3965 1603 4072 appel·

95 4049 322 4171 latur,
355 4088 401 4171 ln
433 4114 510 4170 suo
542 4101 682 4169 antem
717 4114 883 4167 recessu
918 4088 1030 4167 ciues
1072 4085 1248 4168 ciuitatis
1282 4088 1495 4189 Bullensis,
1529 4114 1603 4193 pro

99 4199 386 4293 ‘lumnam
419 4236 519 4291 casn
551 4208 591 4291 iu
627 4207 841 4289 interdicto
877 4209 1109 4315 reliquerat.
1145 4208 1412 4290 Interdictum
1448 4209 1603 4315 qnippe

102 4314 402 4439 religiosis
435 4343 476 4413 et
507 4331 696 4439 plebanis
729 4332 868 4411 stricte
902 4329 1177 4430 sernentibus,
1211 4346 1481 4412 surrexerunt
1513 4330 1603 4435 qui-

106 4416 300 4536 (lan,
333 4452 729 4563 pseudosacerdotes
754 4468 795 4533 et
829 4453 985 4559 perlidi,
1005 4451 1075 4558 qni
1109 4453 1324 4533 manifeste
1358 4452 1499 4532 diuina
1531 4476 1605 4558 po·

112 4614 230 4653 *x

233 4650 412 4669 N*

366 4726 392 4811 ¹)
418 4728 515 4804 nulla
541 4728 698 4824 potencia
723 4752 782 4803 seu
811 4734 881 4824 pot.
902 4730 1033 4803 nullum
1061 4727 1115 4802 ius
1143 4734 1267 4826 regale
1284 4723 1309 4816 ⁸)
1331 4726 1499 4805 Vernerii.
1519 4724 1546 4810 ³)
1572 4731 1607 4802 et

129 4812 301 4913 Qus
328 4835 375 4913 nl.
402 4833 551 4932 capiens.
580 4856 645 4911 om.
673 4834 749 4912 VP.
779 4829 808 4919 ⁴)
835 4837 968 4911 mortuo
995 4832 1052 4909 ibi.
1084 4838 1118 4911 S.
1151 4826 1176 4918 ὓ)
1204 4858 1409 4932 supremum.
1440 4834 1486 4911 Α.

1470 4972 1505 5030 15
