3592 5490
802 400 958 503 Q—

180 612 343 695 cionem
386 629 609 696 mouerunt
652 627 793 697 contra
835 617 1063 719 dorninurn,
1107 616 1165 696 sic
1208 628 1250 696 et
1287 613 1350 696 isti
1393 625 1581 720 ternpore

180 736 318 841 gracie
350 736 628 843 hungarorum
665 739 865 845 populun]
901 767 924 820 a.
956 740 1037 820 lide
1075 739 1296 820 eluistiana
1328 748 1579 821 auerterunt.

179 858 298 940 Tunc
329 856 493 968 igitur¹)
527 860 758 942 detestabili
793 875 834 940 et
867 861 1090 942 execrabili
1134 860 1438 941 arnrnonieione
1474 858 1581 939 illius

180 979 285 1062 Vale
314 1007 458 1064 ornnes
485 983 626 1090 populi
663 983 898 1064 libauerunt
926 1011 969 1063 se
996 978 1285 1089 dernonibus²)
1313 994 1355 1061 et
1382 994 1582 1087 ceperunt

180 1104 399 1184 comedere
444 1105 615 1212 equinas
644 1105 793 1212 pulpas
832 1120 871 1186 et
913 1105 1061 1186 cuulas
1104 1100 1304 1211 earnes,³)
1339 1118 1380 1184 et
1413 1103 1580 1183 ornnino

180 1227 381 1334 pessimas
414 1227 548 1307 facere
583 1227 737 1334 culpas.
774 1228 873 1309 Tarn
909 1228 1065 1335 quippe
1100 1229 1269 1308 clericos
1303 1253 1427 1333 quarn
1456 1226 1580 1306 laicos

180 1347 380 1429 catlrolice
398 1348 491 1429 fidei
511 1365 741 1431 seruatores
771 1350 1075 1446 interfecerunt,
1095 1364 1136 1430 et
1158 1349 1425 1456 quamplures
1448 1347 1580 1426 eecle-

178 1471 260 1553 sias
292 1471 358 1551 dei
392 1472 699 1552 destruxerunt.
729 1471 1039 1578 (ructuando
1069 1485 1210 1552 (rendra
1242 1471 1406 1551 l'etnrrn
1442 1497 1578 1575 regern

180 1593 429 1675 rebellantes
472 1593 688 1676 uniuersos
731 1595 963 1676 teutonicos
997 1609 1038 1674 et.
1070 1595 1218 1675 latinos
1258 1595 1327 1700 qui
1368 1593 1406 1672 in
1438 1591 1580 1701 ot'ficys

178 1714 354 1797 diuersis
388 1716 557 1822 prefecti
585 1743 658 1822 per
692 1715 943 1821 Hungariarn
968 1717 1098 1824 sparsi
1134 1718 1306 1818 fuerant,
1347 1715 1455 1822 turpi
1489 1715 1578 1794 neri

178 1837 449 1921 tradiderunt.
484 1837 777 1944 illittentesquc
810 1839 849 1920 in
878 1839 981 1919 Petri
1017 1852 1150 1919 castra
1182 1840 1221 1918 in
1258 1837 1375 1945 equis
1408 1836 1582 1918 velocis·

180 1958 296 2042 sirnis
323 1974 445 2041 nocte
469 1973 550 2041 tres
577 1987 788 2065 precones,
807 1962 877 2068 qui
898 1962 1098 2040 deberent
1116 1961 1371 2067 proclaurare
1399 1960 1580 2039 edictrnn

179 2081 245 2161 dei
281 2075 466 2189 Andre⁴)
500 2094 541 2162 et
573 2081 757 2164 Leuentc
791 2097 837 2164 ut
871 2079 987 2190 ipsi⁵)
1022 2083 1205 2189 episcopi
1239 2109 1334 2162 curn
1367 2082 1476 2161 clero
1503 2081 1585 2161 sint

179 2204 328 2305 necati,
359 2205 585 2285 decimator
611 2206 849 2305 trucidetur,
878 2205 1047 2285 tradicio
1076 2219 1308 2286 resumatur
1330 2203 1582 2311 paganisrna,

181 2326 348 2434 penitus
391 2326 595 2407 abolenda
638 2324 760 2434 sind)
795 2327 979 2427 collecta,
1024 2355 1118 2407 (urin
1165 2328 1250 2408 suis
1290 2326 1510 2407 teutonicis
1544 2341 1584 2404 et

181 2447 319 2530 latinis
362 2448 466 2529 Petri
512 2465 653 2556 pereat-
696 2451 891 2530 rnenroria
928 2450 965 2529 iu
1001 2464 1188 2530 eternurn
1229 2464 1269 2529 et
1302 2448 1419 2528 ultra.
1464 2446 1584 2528 llane

181 2571 305 2676 igitur
336 2571 444 2651 facto
477 2570 708 2652 sciscitatus
736 2588 796 2652 est
819 2598 891 2650 rex
927 2573 981 2651 rei
1002 2574 1169 2674 lacturn,
1188 2584 1229 2652 et
1254 2571 1479 2652 certissime
1512 2597 1585 2650 cx·

181 2693 359 2800 periens,
402 2695 512 2800 quod
546 2693 609 2775 isti
645 2694 785 2774 fratres
829 2695 1041 2795 redissent,
1084 2722 1312 2801 eorurnqne
1341 2693 1489 2773 intuitu
1522 2691 1583 2774 sui

182 2815 356 2923 prefecti
389 2843 464 2923 per
496 2815 700 2920 hungaros
741 2816 916 2897 luissent.
958 2816 1161 2917 trucidati,
1205 2844 1286 2896 nou
1330 2842 1374 2896 se
1408 2815 1587 2896 ostendit

182 2937 447 3044 perterritum
483 2938 534 3017 dc
567 2938 820 3037 ruinoribus3
854 2938 924 3018 scd
959 2938 1086 3018 leturn
1127 2966 1170 3020 se
1213 2940 1511 3037 demonstrans,
1546 2952 1587 3017 et

179 3084 256 3140 suo
277 3075 411 3141 castro
437 3060 601 3140 deloco
629 3072 834 3141 rernutato
857 3061 1045 3141 transiuit
1070 3059 1308 3141 Danubium
1339 3061 1379 3139 in
1409 3059 1582 3157 Sitnatu,

180 3181 332 3262 Albani
379 3183 551 3288 cupiens
584 3182 761 3262 introire.
804 3182 986 3287 Hungari
1031 3196 1169 3264 autern
1211 3182 1462 3289 prescientes
1495 3181 1584 3262 eius

179 3302 301 3405 velle,
344 3319 625 3411 preucnerunt
668 3322 920 3411 occupantes
964 3305 1211 3412 ‹aarnpauilia
1246 3319 1286 3384 et
1317 3315 1449 3383 turres
1484 3303 1583 3383 ciui-

178 3424 286 3525 tatis,
341 3439 384 3505 et
434 3425 576 3508 seratis
636 3426 767 3507 ianuis
826 3427 939 3506 illurn
986 3421 1310 3531 escluscrnnffi).
1357 3425 1466 3505 luter
1507 3425 1584 3504 lrec

178 3561 318 3628 autern
352 3546 488 3629 Endre
523 3563 563 3628 et
589 3544 814 3655 Leueutel)
841 3576 935 3629 erun
967 3550 1111 3629 rudent
1142 3547 1405 3627 multitudiue
1443 3573 1583 3654 proce-

179 3664 371 3776 dentes⁹)
412 3698 488 3779 per
539 3671 722 3751 rnediurn
766 3670 999 3773 Hungarie,
1043 3671 1490 3777 appropirnprauerunt
1530 3669 1579 3748 ad

180 3805 359 3899 portnrn,
394 3792 464 3898 qui
499 3793 621 3897 vulgo
654 3793 803 3872 dicitur
836 3793 968 3871 Pestlr.

337 3914 407 3995 82.
445 3913 537 4008 Quo
580 3914 720 3996 audito
763 3914 969 3994 Gerardus
1015 3908 1293 4019 llcstridus'l)
1328 3907 1511 4020 Bnldi'')
1546 3925 1587 3991 et

178 4035 338 4117 Beneta
369 4036 552 4144 episcopi
587 4049 628 4116 et
658 4036 801 4117 Zonulr
835 4064 975 4118 coines
1004 4037 1054 4116 de
1090 4036 1258 4115 ciuitate
1293 4033 1401 4116 arba
1434 4035 1582 4138 egressi

179 4171 277 4239 suut
308 4157 475 4239 obuiarn
509 4158 645 4238 Endre
680 4172 721 4239 et
754 4158 936 4239 Leucate
969 4159 1157 4259 ducibus,
1187 4170 1327 4238 utens
1363 4156 1583 4237 honorilice

179 4280 452 4388 susciperent.
481 4280 672 4388 Crrnrque
699 4281 942 4362 testinanter
963 4280 1132 4387 predicti
1162 4280 1343 4386 episcopi
1373 4279 1421 4360 ad
1448 4279 1584 4358 lornnn

179 4484 389 4493 ———

343 4586 369 4672 ¹)
392 4590 518 4685 itaque.
548 4587 574 4671 'l
598 4590 775 4665 demonis.
797 4592 866 4664 VP.
885 4586 912 4667 ³)
937 4596 971 4664 et
999 4591 1090 4663 crud.
1112 4613 1204 4663 carn.
1226 4614 1290 4662 run.
1320 4590 1434 4662 ceteri.
1456 4585 1484 4670 ⁴)
1510 4588 1584 4662 An-

183 4697 275 4770 dreo,
303 4695 347 4769 B.
376 4695 520 4769 Endree.
547 4697 616 4769 VP.
648 4689 675 4783 ⁶)
699 4719 764 4768 orn.
797 4693 822 4774 ⁶)
848 4695 903 4770 sit.
935 4697 969 4769 S.
1003 4691 1028 4777 ⁷)
1053 4696 1088 4768 C.
1118 4695 1290 4769 xnvrn.
1320 4694 1370 4765 De
1395 4693 1584 4767 martirina-

182 4801 276 4875 tiono
308 4798 400 4872 beati
437 4799 591 4874 Gerardi.
622 4798 668 4874 A.
700 4796 727 4880 ⁸)
752 4801 883 4873 Endree
916 4805 949 4872 et·
984 4801 1128 4873 Luente.
1159 4799 1203 4873 Α.
1235 4794 1262 4880 ⁹)
1286 4799 1516 4892 precedentes
1549 4798 1583 4871 S.

188 4902 229 4994 ¹⁰)
255 4901 436 4982 castrius.
471 4903 507 4977 S.
536 4902 715 4978 bostriurs
744 4904 814 4983 VP.
849 4899 888 4995 ¹¹)
916 4903 1032 4977 Budli.
1062 4906 1102 4977 B.
1134 4905 1168 4976 S.
