3660 5506
846 349 886 413 21

163 581 266 652 cunt
307 569 356 649 ad
402 567 641 649 amandum.
675 563 808 661 Quam
843 565 884 646 in
927 577 1090 648 tantum
1132 566 1347 650 adamasse
1359 563 1389 674 ¹)
1432 571 1568 676 perhi-

162 694 296 795 betur,
329 705 376 772 ut
407 690 577 770 modum
624 702 872 788 excesserat,
906 688 1014 769 sient
1056 689 1181 770 moris
1224 690 1260 771 ei
1303 703 1390 772 erat
1422 693 1462 772 iu
1495 720 1569 800 pu·

162 815 299 895 tande.
332 813 542 918 Faetoqne
577 811 656 891 fine
690 811 822 892 cuitus
859 806 1040 918 puelle²)
1075 812 1197 918 (lla)
1231 808 1435 919 usuqne³)
1470 841 1567 895 eon·

161 949 346 1038 sumat0,
389 935 440 1014 de
484 933 652 1013 naribus
695 932 783 1014 eius
827 934 993 1038 sanguis
1037 933 1250 1038 egrediens
1292 932 1567 1043 supinnqne⁴)

160 1058 378 1138 dormienti
413 1083 533 1137 rrum·
565 1082 638 1162 per
670 1081 715 1135 ns
749 1055 789 1134 in
824 1069 963 1159 guttur
995 1057 1175 1156 intrauit,
1196 1057 1266 1139 ubi
1299 1059 1465 1162 sanguis
1499 1085 1567 1139 eo-

160 1181 350 1286 agulatus
402 1192 576 1260 tractum
625 1178 856 1284 impediens
899 1178 1105 1259 anhelitus
1149 1179 1303 1260 Atilam
1350 1181 1566 1262 interemit.

160 1302 334 1383 hlienleh
372 1329 466 1382 rem
500 1302 551 1380 de
584 1296 806 1407 snmpnei')
841 1303 1030 1402 excitata,
1066 1330 1160 1381 eum
1195 1330 1317 1383 suum
1352 1303 1565 1384 dominum

159 1442 275 1506 motu
317 1425 440 1505 celeri
480 1423 690 1527 tetigisset,
734 1439 775 1502 et
818 1422 887 1502 ille
933 1450 976 1504 se
1021 1450 1189 1504 nmuere
1230 1451 1311 1504 nen
1355 1426 1566 1543 petuisset,

159 1543 348 1654 110tans⁸)
393 1573 543 1652 cornus
586 1543 822 1648 frigidatum
868 1558 909 1623 et
948 1546 1156 1652 priuatum
1201 1547 1335 1627 calere
1378 1549 1566 1648 naturali,

159 1669 435 1753 cubicularios
468 1667 600 1771 regios
635 1666 791 1746 eiulatu
825 1692 974 1772 magno
1007 1668 1058 1747 ad
1102 1695 1146 1750 se
1179 1696 1344 1769 vocans,
1379 1666 1459 1776 οῖ’)
1494 1671 1566 1750 do·

158 1793 319 1874 minum
353 1818 475 1873 sunm
511 1789 569 1870 eis
603 1788 893 1868 denmnstrans
926 1790 1120 1871 uniuerse
1147 1791 1280 1873 earnis
1297 1792 1405 1872 viam
1442 1792 1566 1872 intro·

160 1917 253 2014 isse,
273 1915 344 2021 qui
377 1939 477 1995 sane
511 1911 690 1991 claruere
723 1910 893 1992 terribili
929 1915 1224 2020 perstrependo
1257 1914 1473 1994 uniuersos
1507 1914 1566 1994 ui·

159 2038 262 2141 giles
295 2035 345 2116 ad
382 2034 512 2114 hestia
554 2032 716 2140 pallaey
751 2059 892 2114 eruum
937 2034 1092 2116 eiulatu
1133 2037 1322 2116 ferernnt
1355 2035 1562 2118 cursitare.

160 2158 424 2266 Sepeliernnt
456 2151 799 2261 (letriq11e⁵)errrrr
825 2184 920 2236 enm
942 2153 1080 2263 Bele⁹)
1100 2157 1280 2238 Gadirtha
1312 2171 1353 2237 et
1386 2153 1566 2264 lienem)

161 2283 336 2389 alysque
370 2277 595 2385 capitaneis
638 2278 845 2359 lumernm
880 2279 920 2357 in
965 2279 1054 2359 loen
1096 2279 1286 2386 superius
1328 2293 1567 2361 memoratu.

160 2402 385 2508 Diuulgate
430 2401 551 2503 igitur
595 2400 683 2482 eius
726 2399 840 2480 obitu
885 2401 1100 2507 obstupuit
1141 2417 1251 2483 tutus
1297 2402 1485 2503 mundus,
1528 2417 1569 2483 et

160 2539 299 2606 utrum
336 2522 486 2603 inimici
523 2523 611 2601 eius
647 2523 834 2625 lugerent
856 2548 907 2601 nn
942 2524 1169 2623 gamm-nn
1201 2524 1567 2626 lresitabarrt‚tili0·

162 2676 253 2728 rum
288 2645 595 2727 multitudinem
638 2643 919 2748 smrnidantes,
953 2645 1022 2750 qui
1058 2646 1175 2751 quasi
1212 2647 1354 2753 pepuli
1390 2647 1458 2727 rix
1494 2674 1567 2753 pe·

161 2783 299 2850 terant
332 2767 549 2848 numerari.
586 2765 807 2846 'liniebant
838 2762 1014 2874 enim¹¹)
1057 2768 1237 2874 aliquem
1283 2783 1375 2874 pest
1407 2769 1565 2851 ebitum

159 2892 289 3000 patris
323 2920 375 2970 ex
407 2889 500 2996 ruys
543 2905 822 2991 regnaturum.
860 2888 1011 2969 lletriei
1045 2917 1142 2971 veru
1176 2903 1217 2969 et
1248 2889 1420 2970 alierum
1457 2890 1566 2998 prin·

159 3016 305 3120 ripum
340 3004 597 3116 armantem)
630 3011 800 3111 astucia,
825 3010 976 3116 quibus
999 3038 1071 3091 rex
1107 3011 1217 3093 Atila
1250 3012 1490 3118 imperando
1525 3014 1564 3093 iu

160 3130 332 3242 eolln¹³)
378 3133 585 3214 residebat
631 3135 837 3215 hunorum
887 3129 1156 3241 hepartiu¹⁴>
1204 3135 1480 3216 enmmnuitas
1523 3135 1563 3215 in

158 3271 296 3365 partes
315 3257 500 3338 diuersas
521 3268 583 3334 est
600 3255 744 3353 diuisa,
774 3256 829 3334 ita
850 3256 1032 3360 quidem,
1051 3271 1097 3336 ut
1119 3256 1302 3336 Chabam
1327 3258 1431 3360 regis
1455 3256 1565 3337 Atile

155 3380 288 3460 lilium
324 3407 377 3459 ex
412 3405 625 3482 grecorum
661 3378 916 3482 irnperatmis
938 3374 1157 3484 seilieet¹⁵)
1176 3377 1343 3486 llnnury
1361 3379 1444 3458 tilia
1471 3407 1564 3487 prn-

156 3516 365 3601 rreatum,
409 3501 474 3607 aly
518 3526 614 3580 rem
664 3499 903 3580 Aladarimn
956 3528 1008 3578 ex
1052 3501 1273 3580 Germanie
1325 3502 1566 3609 principissa

154 3623 315 3704 seilicet
357 3622 525 3703 domina
568 3620 863 3702 Orimiheldina
904 3635 1165 3729 procreatum
1210 3623 1248 3700 in
1291 3650 1429 3727 regem
1474 3638 1566 3732 post

155 3746 310 3826 Atilam
344 3745 422 3826 sibi
465 3743 662 3850 prelieere
700 3745 948 3826 nitebantur.
987 3745 1111 3850 (llb)
1154 3743 1298 3824 Senior
1329 3773 1427 3825 rem
1471 3774 1564 3853 pars

153 3867 361 3948 lunmrum
397 3866 497 3950 dum
526 3864 666 3948 (lhabe
699 3866 939 3970 adhesisset,
965 3865 1154 3948 lletrieus
1188 3882 1326 3948 autem
1362 3863 1466 3973 et¹⁰)
1489 3897 1563 3949 ex·

153 4004 245 4069 tera
286 3989 406 4070 necin
450 4017 546 4069 eum
589 3990 733 4097 paucis
776 3989 898 4070 hunis
943 3987 1147 4089 madano,
1190 4003 1231 4068 et
1273 3990 1331 4070 sie
1374 3986 1563 4098 amb0¹⁷)

145 4136 327 4217 regnare
361 4123 574 4218 ceperunt.
606 4110 796 4217 Cumque
829 4113 933 4194 alter
965 4112 1079 4192 alteri
1115 4112 1195 4219 (se)
1231 4113 1410 4217 preferre
1445 4113 1562 4195 moli·

152 4316 362 4327 ———-.....

314 4435 338 4521 ¹)
363 4460 506 4512 amasse.
536 4439 606 4512 VP.
639 4433 666 4521 ’)
692 4464 753 4532 pm
783 4442 883 4514 uelle.
906 4443 942 4515 S.
965 4437 992 4523 ’)
1016 4464 1134 4533 usqne.
1156 4443 1230 4516 VP.
1255 4438 1280 4520 ⁴)
1305 4443 1425 4536 supino
1454 4443 1559 4516 dorm.

153 4539 184 4624 ’)
209 4566 336 4617 sonno.
367 4546 406 4617 B.
437 4542 512 4618 VP.
543 4539 568 4624 ’)
594 4567 747 4617 eernene.
780 4540 806 4616 ⁷)
831 4568 896 4618 om.
928 4541 953 4624 ⁸)
978 4545 1254 4640 sepelieruntque
1283 4570 1370 4619 eum.
1398 4541 1425 4628 ’)
1449 4547 1559 4621 Wele.

151 4649 232 4724 VP.
252 4649 352 4721 nelle.
384 4649 418 4721 S.
453 4642 495 4729 ¹⁰)
514 4649 628 4721 Keue.
649 4649 729 4723 VP.
761 4651 875 4723 dreue.
906 4652 941 4723 S.
976 4651 1016 4732 ¹¹)
1032 4653 1076 4724 Et
1105 4651 1288 4725 eredebant
1316 4650 1397 4744 aliq.
1430 4646 1559 4729 ¹²)ua-

150 4751 278 4828 manle.
307 4754 342 4826 S.
371 4751 835 4837 alaman01·nm.VP.¹³)in
865 4756 953 4828 rullo
982 4754 1063 4849 imp.
1089 4751 1129 4835 ”)
1157 4755 1343 4848 impertita.
1375 4758 1410 4831 S.
1432 4750 1558 4835 'llseu

151 4861 195 4941 Β,
229 4852 271 4938 ”)
299 4879 364 4936 om.
394 4857 472 4935 VP.
503 4858 538 4931 S.
573 4853 614 4939 ¹⁷)
642 4857 807 4932 Aladario
836 4860 1034 4933 adherebat.
1065 4860 1099 4933 S.
1130 4863 1175 4932 et.
1206 4859 1265 4932 sie.
1296 4883 1362 4933 em.
1393 4861 1470 4935 VP.
