3660 5506
888 326 928 391 78

830 417 985 426 ..υ-...ἡ

205 553 292 623 tum
321 543 573 641 remanebat,
592 542 662 622 sed
692 543 807 648 quasi
837 544 1048 624 braelrium
1078 542 1255 623 lrominis
1282 554 1367 622 erat
1394 542 1500 622 inter
1521 541 1614 621 lan-

207 691 322 746 ceam
358 677 400 744 et
431 666 597 745 dorsum
632 664 750 745 Cuni.
784 662 990 746 Clamauit
1032 667 1170 771 itaque
1213 681 1380 745 sanctus
1413 665 1500 745 dux
1538 664 1614 743 La-

207 788 361 868 dislaus
394 787 442 866 ad
479 787 673 894 puellam,
694 800 734 866 et
757 787 876 866 dixit:
911 786 1032 867 Soror
1053 788 1240 894 speciosa
1266 788 1407 893 asrrcipo
1441 785 1613 866 Cunum

206 910 246 989 in
283 910 460 1014 cingulo,
495 927 535 990 et
569 910 674 989 iaetu
706 910 746 988 in
791 907 1003 1016 terram¹);
1038 910 1147 1016 quod
1193 925 1234 988 et
1275 910 1384 988 feeit.
1418 907 1617 1013 Cumque

208 1034 354 1112 beatus
399 1032 483 1112 dux
534 1032 746 1112 ladislaus
796 1033 939 1137 procul
983 1033 1097 1112 illum
1150 1033 1378 1112 lanceasset
1421 1032 1460 1110 in
1504 1045 1617 1138 terra

208 1155 425 1254 iacentem,
453 1155 583 1234 rolnit
616 1181 710 1234 rrum
747 1155 984 1234 irrterlieere.
1010 1155 1142 1248 (luem
1179 1153 1318 1259 puella
1351 1148 1471 1260 (3721.)
1490 1153 1618 1231 raldo

209 1277 377 1380 rogauit,
413 1304 464 1355 ne
499 1306 593 1356 enm
630 1273 928 1382 interliceretll.
961 1277 1079 1357 Unde
1114 1277 1152 1355 in
1190 1277 1266 1354 lroe.
1298 1288 1464 1355 notatur
1496 1276 1614 1380 quod

207 1399 247 1478 iu
284 1399 525 1479 mulieribus
558 1399 659 1478 fides
692 1424 773 1478 non
809 1399 870 1496 sit,
891 1400 985 1505 quia
1019 1400 1122 1478 torte
1156 1424 1295 1478 arnore
1327 1396 1458 1503 stupri
1492 1395 1617 1476 illum

209 1522 382 1601 liberare
409 1522 550 1601 voluit.
581 1519 755 1600 Sanetus
789 1535 926 1600 autem
963 1522 1048 1600 dux
1084 1521 1153 1599 diu
1189 1549 1283 1599 eum
1319 1546 1368 1599 eo
1400 1518 1618 1619 luctando,

209 1659 250 1723 et
287 1644 447 1723 absciso
491 1670 618 1722 neruo
661 1643 774 1722 illum
820 1644 1031 1723 interleeit.
1070 1643 1148 1721 Sed
1195 1642 1262 1721 illa
1302 1641 1385 1729 lilia
1427 1641 1620 1748 episcopi

208 1794 289 1845 non
325 1765 411 1844 fuit.
449 1766 538 1846 llex
575 1766 694 1869 igitur
728 1779 768 1843 et
810 1765 970 1869 gloriosi
1014 1766 1141 1844 duces
1183 1765 1267 1843 fere
1310 1763 1502 1843 omnibus
1540 1791 1619 1868 pa·

209 1890 323 1993 garris
358 1887 590 1986 interfectis,
627 1902 667 1966 et
699 1889 892 1965 onmibus
927 1887 1155 1966 christianis
1189 1914 1212 1964 a
1240 1884 1481 1992 captiuitate
1508 1884 1621 1965 libe-

211 2011 305 2090 ratis
325 2037 405 2088 uua
425 2038 519 2088 cum
551 2010 654 2088 leliei
684 2011 845 2088 emlmla
875 2011 1006 2089 tocius
1036 2008 1256 2112 llungarie,
1277 2036 1371 2087 eum
1400 2007 1622 2113 triumpho

210 2132 378 2210 rieterrie
421 2132 648 2234 gaudentes
692 2131 912 2215 redierunt.
970 2132 1092 2210 Facta
1145 2148 1206 2208 est
1246 2124 1432 2234 autem³)
1478 2129 1626 2209 leticia

213 2280 360 2357 magna
395 2253 432 2331 in
472 2266 556 2332 tota
590 2252 815 2357 llungaria,
860 2269 901 2333 et
942 2255 980 2332 in
1026 2253 1161 2360 ymnis
1204 2270 1244 2331 et
1284 2251 1626 2333 confessionibus

212 2374 517 2456 benedicebant
543 2370 800 2480 dorninuml)
831 2377 901 2481 qui
934 2375 1047 2454 dedit
1075 2374 1286 2454 rietoriam
1322 2369 1453 2480 illis⁵).

325 2632 407 2726 (De
436 2655 596 2734 pugna
622 2632 941 2734 hungarorum
969 2655 1075 2712 eum
1109 2633 1262 2735 grecis
1289 2629 1503 2732 bulgaris

745 2761 792 2834 et
808 2753 969 2834 bessis.
997 2754 1080 2853 Bf)

370 2968 439 3046 98.
476 2967 644 3046 llaetum
680 2983 741 3046 est
773 2984 912 3048 mrtem
948 2970 1072 3047 terrio
1111 2996 1219 3046 anno
1257 2982 1348 3072 post
1384 2964 1627 3046 aduentum

214 3085 497 3194 Cuneruml),
544 3088 750 3195 besseni⁸l
796 3119 869 3195 per
913 3089 1058 3169 rllbam
1106 3090 1356 3189 lmlgarieam
1402 3085 1630 3169 vernentes

216 3225 579 3290 transnatatrerunt
605 3212 758 3291 flumen
787 3211 897 3291 Zaua
926 3213 962 3290 in
1008 3210 1186 3315 tantast)
1222 3231 1261 3289 et
1293 3236 1373 3288 mm
1410 3209 1626 3289 mndiearn

214 3347 377 3436 gentem
408 3334 664 3438 captiuorum
696 3349 736 3413 et
754 3335 973 3439 pindarum
1004 3335 1241 3438 diripientes
1262 3334 1435 3411 insuam
1464 3345 1626 3411 terram

214 3455 511 3535 abduxerunrt.
534 3455 618 3534 ltex
653 3469 790 3536 autem
827 3471 868 3535 et
899 3456 985 3535 dux
1022 3457 1308 3560 imposuerunt
1341 3451 1494 3531 crimen
1534 3469 1625 3533 tra-

215 3577 385 3657 dicionis
424 3577 526 3655 rllbe
561 3578 780 3682 bulgarico,
805 3605 853 3655 eo
887 3578 995 3682 (prod
1033 3605 1134 3683 paee
1158 3576 1400 3656 ‹lelrmrdata
1425 3574 1628 3654 volunta-

216 3699 272 3778 rie
306 3698 557 3804 permisisset
582 3699 835 3780 latrunculos
864 3701 1075 3779 bessorum
1107 3699 1320 3805 deprmlari
1349 3696 1629 3800 llungariam.

216 3819 407 3900 Collectis
440 3821 580 3926 itaque
608 3822 859 3903 exercitibus
883 3839 1169 3900 conuenerunt
1197 3813 1629 3925 inZalonlrerne11¹⁰),

216 3943 287 4023 ubi
331 3942 499 4021 consilio
542 3944 818 4023 deliberantes
861 3944 1138 4024 decreuerunt
1172 3943 1321 4021 Albam
1367 3938 1627 4022 traditricem

217 4063 393 4145 obsideri
427 4076 615 4170 oportere
648 4079 689 4145 et
721 4066 961 4171 expugnari.
995 4064 1094 4143 lude
1130 4080 1262 4145 eastra
1296 4073 1513 4142 mouentes
1547 4062 1632 4142 de-

216 4185 467 4266 scenderunt
499 4187 606 4265 circa
630 4186 784 4267 llurnen
813 4188 923 4266 Zaua
952 4187 990 4265 in
1019 4187 1173 4265 directo
1207 4178 1559 4290 Narnlorleyruar'
1578 4180 1626 4290 ¹).

378 4405 401 4487 ¹)
427 4407 516 4481 iacta
539 4415 571 4482 te
605 4411 640 4482 in
664 4415 755 4483 terra
778 4412 954 4484 iacentem.
985 4414 1233 4501 celeransque
1267 4411 1386 4500 „Rex“
1418 4404 1548 4479 omittit
1581 4406 1626 4483 S.

217 4513 306 4587 iacta
335 4521 368 4584 te
387 4513 464 4586 VP.
497 4510 523 4594 ²)
548 4515 607 4587 sod
633 4520 671 4587 ut
700 4516 897 4589 dimitteret.
927 4516 1003 4587 add.
1027 4514 1104 4586 VP.
1127 4511 1153 4594 ³)
1182 4513 1300 4607 igilur.
1323 4510 1350 4587 ⁴)
1374 4512 1484 4583 deum.
1507 4503 1535 4590 5)
1561 4514 1630 4604 qui

218 4619 292 4690 ded.
323 4617 384 4688 eis.
404 4613 430 4696 ⁰)
457 4620 504 4690 lle
533 4620 682 4691 aduentu
710 4620 932 4692 bissenorum.
962 4620 996 4693 S.
1023 4613 1049 4705 ⁷)
1077 4641 1340 4690 summariorum.
1365 4616 1400 4690 S.
1423 4610 1450 4697 8)
1475 4613 1626 4690 bisseni.

220 4716 246 4798 9)
271 4721 304 4793 in
331 4744 485 4815 campum
515 4723 649 4795 Baiias.
680 4726 714 4797 S.
749 4722 788 4802 ¹⁰)
806 4725 1044 4796 Zalanlremen.
1067 4725 1133 4796 VP.
1158 4723 1387 4795 Zalnnlernen
1408 4720 1443 4795 S.
1468 4714 1507 4799 ¹¹)
1525 4720 1628 4794 Nan-

220 4827 430 4920 durloyruar.
461 4829 500 4899 B.
