3660 5506
848 341 1003 440 ffl—

357 548 440 644 (De
467 497 654 631 reoeeeu
681 548 879 655 Bogden
905 548 1123 654 vayuode
1150 549 1198 630 in
1225 548 1491 643 Molduom.)

382 746 480 826 214.
514 747 648 829 Huius
692 746 822 827 eciam
866 761 1051 854 tempore
1095 746 1262 850 Bogdan
1305 745 1496 854 voyuoda
1535 744 1625 826 ula·

215 866 393 948 chorum
427 869 479 948 de
513 868 802 965 Maramorisi0,
830 868 1071 950 coadunatis
1103 868 1180 949 sibi
1214 868 1404 950 wolacbis
1438 866 1624 948 eiusdem

215 988 441 1087 districtus
468 993 511 1072 in
543 1005 694 1073 terram
727 990 945 1092 Moldauie,
965 1017 1114 1072 corone
1138 990 1250 1096 regni
1282 989 1492 1096 Hungarie
1525 991 1623 1072 sub-

214 1111 384 1212 iectam,
417 1113 491 1194 sed
524 1140 548 1194 a
580 1115 711 1194 multo
744 1128 929 1220 tempore
969 1129 1136 1220 propter
1167 1113 1418 1193 vicinitatem
1454 1125 1623 1192 tartaro·

212 1262 314 1314 rum
362 1233 660 1317 habitatoribus
715 1235 976 1335 destitutam,
1027 1235 1281 1317 clandestine
1331 1234 1510 1315 recessit.
1572 1233 1625 1314 Et

214 1357 416 1462 quamuis
463 1385 537 1465 per
578 1358 807 1438 exercitum
857 1358 985 1464 ipsius
1028 1358 1132 1461 regis
1174 1358 1314 1464 sepius
1356 1357 1622 1464 impugnatus

212 1478 445 1561 extitisset:
479 1495 619 1560 tamen
652 1494 862 1562 crescente
903 1505 1052 1585 magna
1092 1480 1387 1561 numerositate
1419 1478 1622 1560 wolacbo·

210 1628 313 1681 rum
344 1601 385 1680 in
420 1601 488 1682 illa
519 1619 626 1682 terra
651 1602 945 1704 lrabitancium,
964 1604 1003 1683 in
1024 1630 1196 1708 reguum
1222 1615 1284 1685 est
1316 1602 1493 1682 dilatata.
1514 1599 1623 1710 Voy-

209 1722 328 1803 uode
362 1750 458 1804 vero
492 1724 562 1830 qui
595 1751 668 1830 per
699 1724 903 1807 wolacbos
937 1725 1063 1833 ipsius
1097 1724 1209 1828 regni
1228 1724 1446 1829 eliguntur,
1469 1751 1514 1805 se
1532 1750 1623 1806 esse

211 1844 396 1927 vasallos
429 1846 534 1950 regis
566 1845 776 1952 Hungaric
809 1847 1062 1955 profitentur,
1097 1860 1138 1926 et
1169 1845 1221 1926 ad
1254 1844 1495 1950 homagium
1528 1872 1621 1953 pre·

209 1966 415 2049 standum
450 1968 695 2073 obligantur,
729 1997 824 2050 cum
858 1997 986 2051 censu
1020 1967 1255 2077 persoluere
1289 1982 1499 2050 consueto,

466 2190 549 2292 (De
576 2191 842 2294 pestilentia
869 2191 994 2271 fame
1022 2196 1069 2271 et
1094 2196 1375 2286 terremotu.)

377 2385 475 2469 215.
512 2387 616 2468 ltem
650 2387 779 2468 eciam
812 2401 998 2495 tempore
1031 2388 1096 2469 sui
1129 2387 1336 2493 regiminis
1382 2386 1619 2495 pestilencie

209 2535 292 2615 per
325 2506 415 2588 loca
447 2510 718 2616 particularia,
753 2523 794 2589 et
826 2510 957 2590 eciam
1000 2537 1074 2616 per
1113 2526 1246 2591 totum
1288 2537 1459 2615 regnum
1502 2508 1619 2590 Hun-

208 2630 339 2734 garie,
374 2643 415 2711 et
431 2632 562 2713 eciam
595 2633 634 2711 in
669 2632 756 2740 alys
789 2632 933 2714 vicinis
973 2633 1106 2737 regnis
1139 2633 1371 2737 viguerunt.
1404 2632 1455 2713 Et
1486 2634 1619 2714 fames

208 2752 389 2834 diuersis
423 2755 678 2862 temporibus
712 2782 785 2861 per
817 2756 997 2837 locustas
1031 2772 1072 2837 et
1105 2782 1254 2856 mures,
1284 2757 1418 2862 spicas
1450 2757 1617 2860 frugum

209 2888 257 2955 et
289 2874 462 2958 aliarum
495 2889 682 2983 segetum
726 2878 1000 2979 corrodentes,
1035 2895 1075 2958 et
1108 2905 1181 2984 per
1220 2878 1423 2960 siccitates
1457 2891 1617 2983 tempo-

207 3025 321 3097 rum,
354 3024 403 3078 ac
435 3000 539 3080 aeris
572 3013 838 3106 tempestates
871 3000 1217 3104 inualue1·1111t.llt
1251 3001 1437 3106 pluribus
1457 2999 1616 3080 vicibus

209 3134 463 3204 terremotus
496 3151 569 3230 per
600 3123 691 3203 loca
723 3122 856 3204 factus
891 3137 964 3204 ost.

375 3362 456 3455 (De
486 3362 772 3466 exemptione
810 3360 1164 3444 oduernioorum
1193 3368 1240 3443 et
1266 3360 1463 3443 aliorum

684 3483 1151 3579 eonditioneriorum.)

373 3678 472 3758 216.
507 3677 640 3759 Huius
674 3681 804 3760 eciam
839 3696 1023 3788 tempore
1059 3681 1176 3763 multi
1211 3709 1262 3761 ex
1298 3680 1541 3763 Oduarnicis
1575 3696 1617 3762 et

206 3799 301 3906 alys
345 3800 673 3908 condicionarys,
716 3801 826 3882 eurio
869 3804 920 3883 ad
962 3804 1146 3884 diuersas
1186 3804 1406 3886 seruitutes
1448 3803 1613 3906 astricti,

206 3936 312 4004 sunt
344 3922 539 4029 exempti,
575 3937 616 4002 et
649 3923 688 4004 in
722 3938 859 4005 cetum
902 3927 1015 4030 regni
1060 3924 1268 4032 Hungarie
1309 3926 1511 4008 nobilium
1544 3953 1615 4031 ag·

206 4044 380 4148 gregati.
413 4043 519 4138 Quia
550 4045 591 4125 in
626 4046 923 4130 donacionibus
957 4050 1264 4154 possessionum
1305 4064 1346 4128 et
1388 4075 1531 4157 gracys
1563 4049 1616 4129 ad

206 4191 358 4247 omnes
401 4167 538 4271 largus
572 4187 613 4248 et
653 4169 857 4274 benignus
900 4171 1143 4271 habebatur,
1178 4185 1219 4251 et
1252 4198 1324 4279 pro
1359 4199 1408 4253 eo
1441 4172 1493 4252 ab
1527 4197 1615 4252 om·

205 4287 336 4369 nibus
369 4289 476 4369 ultra
509 4290 677 4371 modum
712 4292 969 4397 diligebatur.

502 4529 584 4630 (De
612 4530 901 4612 consortibus
929 4533 1056 4637 regio
1077 4540 1124 4614 et
1151 4532 1337 4626 liberie.)

372 4722 471 4807 217.
504 4725 660 4810 Estimo
704 4729 832 4809 eciam
878 4730 1113 4811 narracione
1157 4732 1244 4812 fore
1286 4730 1468 4836 dignum,
1503 4729 1614 4837 quod

201 4845 397 4962 prefatus
431 4875 505 4931 rex
539 4849 771 4934 Lodouious
799 4853 901 4937 duas
935 4853 1130 4961 coniuges
1166 4853 1360 4938 habuisse
1379 4853 1615 4937 dinoscitur.
