3592 5490
819 311 991 422 Q,

196 543 314 623 beret
360 539 496 648 ipsum
542 552 796 647 exspectare.
855 539 1040 623 Nuncius
1089 537 1249 649 capitur
1296 566 1321 622 a
1367 539 1595 622 latronibus

197 663 363 745 Andree
406 663 531 768 regis,
581 677 622 743 et
662 662 712 743 ad
756 689 850 743 eum
886 663 1061 745 ducitur.
1095 661 1204 746 Misit
1236 689 1332 767 ergo
1364 690 1439 770 per
1470 662 1596 742 alium

196 785 398 868 nuncium
445 785 632 867 Andreas
681 783 875 891 episcopo
923 785 1061 868 literas
1101 785 1219 892 quasi
1260 786 1313 867 ab
1351 785 1599 892 imperatore

196 921 471 1009 emanassent,
505 908 800 1015 (continentes)
835 907 945 1012 quod
978 909 1107 991 ardua
1139 908 1309 1014 negocia
1343 907 1502 1015 impery
1538 906 1600 1014 ip·

193 1054 288 1114 sum
329 1042 527 1132 arcerent,
568 1044 610 1110 et
650 1030 704 1110 ob
732 1056 781 1110 ea
812 1029 853 1108 in
887 1030 1129 1113 Teutoniam
1170 1031 1228 1112 ire
1261 1028 1601 1137 compelleretur:

195 1181 322 1261 qnare
375 1152 594 1235 destructis
646 1153 824 1234 nauibus
871 1165 978 1233 retro
1026 1153 1066 1233 in
1112 1153 1376 1261 Ratisponam
1410 1151 1601 1234 duceret

194 1301 370 1382 gressus.
405 1274 530 1357 Cesar
564 1274 710 1356 borum
746 1273 898 1356 inscius
931 1302 1024 1356 cum
1060 1275 1144 1357 suis
1189 1274 1373 1357 maxima
1415 1285 1602 1380 egestate

194 1398 421 1498 laborabat,
455 1412 496 1477 et
528 1397 690 1478 interim
724 1398 833 1478 fame
865 1397 1086 1503 perierant,
1119 1397 1285 1505 plurimi
1318 1397 1371 1476 ab
1405 1396 1603 1478 immissis

194 1520 350 1626 sagittis
394 1519 645 1600 interierunt.
682 1519 733 1599 Et
766 1520 909 1601 videns
941 1547 985 1600 se
1026 1521 1081 1601 ita
1114 1522 1381 1627 perplexum,
1416 1519 1530 1601 misit
1549 1518 1599 1599 ad

194 1641 407 1723 Andream
440 1658 481 1723 et
512 1641 652 1722 Belarn
688 1668 833 1746 rogans
866 1643 980 1747 pacis
1015 1643 1264 1743 firmitatem,
1298 1641 1403 1724 etsi
1439 1641 1600 1722 victua·

193 1765 249 1846 lia
281 1765 482 1846 exercitui
524 1764 655 1866 daret,
697 1791 913 1872 nunquam
946 1766 1133 1864 Andree,
1176 1792 1255 1847 nec
1286 1764 1600 1846 suecessoribus

194 1888 283 1969 eius
316 1887 606 1986 inimicaretur,
640 1886 758 1968 dictis
791 1886 909 1967 l'actis
942 1903 1014 1969 aut
1046 1887 1215 1970 consilio
1253 1886 1463 1969 resisteret
1501 1912 1599 1994 ymo

193 2011 323 2091 eciam
359 2010 390 2091 si
426 2007 518 2115 quis
551 2009 602 2088 de
636 2010 946 2092 successoribus
979 2010 1064 2093 suis
1087 2012 1136 2092 ad
1167 2009 1459 2091 debellandam
1477 2007 1599 2092 Hun-

193 2133 349 2238 gariarn
396 2156 511 2212 arma
553 2146 760 2234 moueret,
802 2132 1131 2237 indignacionem
1180 2132 1475 2240 omnipotentis
1532 2131 1599 2211 dci

192 2258 431 2356 incurreret,
467 2268 508 2335 et
539 2270 742 2360 perpetuo
777 2256 865 2336 eius
899 2256 1152 2337 anathemati
1169 2254 1412 2338 subiaceret.
1448 2252 1597 2334 Filiam

194 2378 325 2459 eciam
358 2403 475 2458 snam
512 2375 592 2456 lilio
626 2378 792 2457 Andree
826 2375 1034 2459 Salomoni
1067 2405 1110 2462 se
1144 2378 1336 2459 daturum
1359 2376 1597 2483 spopondit,

193 2514 234 2580 et
274 2500 413 2581 omnia
452 2499 714 2581 iureiurando
753 2498 1138 2595 firrnauitilnnuit
1185 2527 1259 2580 rex
1305 2499 1507 2600 Andreas,
1555 2515 1597 2580 et

193 2623 305 2705 misit
352 2623 514 2730 copiam
556 2622 797 2703 victualium
839 2623 878 2702 in
920 2623 1150 2705 exercitum
1191 2621 1448 2729 imperatoris
1492 2622 1598 2703 adeo

192 2759 498 2853 sumptuosum,
531 2758 578 2825 ut
594 2744 792 2826 teutonici
826 2772 877 2824 ex
897 2761 1019 2853 potus
1042 2745 1365 2852 ingurgitatione
1387 2744 1595 2851 crapulati

192 2882 467 2967 morerentur;
525 2867 695 2949 residuis
745 2868 991 2975 supellectili
1044 2870 1206 2951 abiecta
1253 2867 1291 2947 in
1341 2866 1595 2948 'l‘eutoniam

191 2992 379 3074 reuersis
412 2990 463 3070 Et
497 2991 614 3072 locus
647 2989 714 3069 ille
752 2989 863 3070 unde
891 3007 975 3072 tam
1007 2993 1181 3098 turpiter
1213 2988 1422 3095 lugierunt
1457 3017 1596 3097 usque

192 3113 315 3195 hodie
347 3127 519 3195 vocatur
553 3111 831 3217 Werteshege.

218 3371 288 3452 De
315 3371 616 3453 coronacione
647 3370 775 3473 regis
803 3368 1073 3472 Salomonis,
1102 3371 1184 3452 flltt
1210 3373 1339 3476 regis
1366 3369 1570 3453 Andr-ee.

349 3586 418 3665 40.
452 3585 639 3690 Fugienti
673 3585 800 3666 cesari
834 3612 908 3665 rex
937 3585 1046 3667 misit
1078 3587 1245 3692 legatos
1264 3599 1310 3669 ut
1342 3585 1593 3694 promissam

189 3709 314 3789 filiam
350 3706 556 3788 Salomoni
591 3707 921 3813 desponsandam
956 3708 1152 3810 traderet3
1181 3709 1293 3817 quod
1324 3709 1481 3790 lactum
1516 3721 1592 3790 est.

190 3831 376 3912 Andreas
409 3855 482 3909 rex
511 3830 723 3911 confectus
741 3830 855 3911 senio
873 3827 1134 3912 Salomonem
1155 3831 1285 3913 filium
1318 3858 1442 3913 suum
1460 3828 1499 3910 V
1517 3857 1591 3912 an·

191 3979 336 4034 norum
372 3952 410 4031 in
431 3976 567 4057 regern
601 3952 698 4032 lecit
730 3951 873 4057 inungi
891 3964 932 4033 et
949 3954 1145 4057 coronari,
1164 3954 1364 4036 simulans
1397 3953 1475 4034 nisi
1511 3953 1592 4034 hoc

188 4076 352 4173 faceret,
396 4074 635 4179 imperator,
673 4074 743 4180 qni
783 4074 907 4155 filiam
952 4101 1070 4156 suam
1110 4076 1261 4184 nuptui
1292 4077 1374 4156 iarn
1418 4075 1592 4156 dederat

187 4196 477 4301 indignaretur.
514 4195 614 4276 Bela
646 4215 785 4277 autem
818 4198 943 4277 frater
974 4197 1079 4302 regis
1114 4199 1347 4304 indignatus
1386 4212 1429 4278 et
1460 4198 1591 4280 iratus

188 4333 264 4399 etc.
298 4317 594 4399 Conuenerunt
626 4332 764 4399 autem
800 4346 871 4399 rex
907 4333 948 4398 et
977 4319 1079 4400 Bela
1111 4322 1150 4400 in
1169 4318 1350 4402 Varlrun.
1386 4319 1475 4400 Rex
1501 4321 1592 4430 inyt

188 4442 418 4541 consilium,
453 4454 493 4519 et
526 4440 576 4520 de
609 4442 773 4523 duobus
796 4441 925 4522 voluit
957 4443 1121 4523 fratrem
1156 4444 1416 4552 interrogare,
1436 4443 1470 4524 si
1503 4443 1590 4523 vel·

187 4565 245 4644 let
277 4588 469 4643 coronam
504 4563 570 4643 vel
606 4565 816 4667 ducatum,
851 4589 1001 4644 corona
1035 4579 1076 4645 et
1107 4565 1241 4670 gladio
1274 4592 1400 4671 super
1433 4564 1590 4646 cortina

188 4685 342 4794 positis.
375 4682 494 4779 Quod
538 4685 572 4767 si
607 4687 804 4768 ducatum
848 4686 1075 4792 postularet
1118 4689 1223 4770 bene
1261 4701 1381 4789 esset,
1421 4686 1455 4768 si
1491 4713 1589 4768 vero

187 4834 394 4914 coronam,
437 4806 574 4892 statim
616 4809 751 4917 gladio
793 4810 1078 4893 decollaretur.
1132 4811 1329 4894 Auisatus
1380 4810 1469 4892 dux
1517 4836 1592 4920 per
