3660 5506
825 319 980 424 -rr—

101 540 175 622 vr‘
193 533 382 641 xisset,
416 550 458 619 et
490 535 603 644 regni
636 549 883 644 potestatem
918 524 1175 640 obtinuisset,
1203 537 1290 620 sine
1319 535 1447 621 dubio
1473 549 1601 620 totam

87 663 164 744 H
178 662 453 768 ungariam
495 659 737 767 paganisrna
767 659 970 769 ydolatria
1002 660 1264 769 corrupisset.
1299 659 1350 742 Et
1376 660 1481 768 quia
1511 659 1601 769 ipse

81 786 227 865 Le
242 797 387 866 trenta
418 782 619 865 catholice
641 809 724 864 non
752 782 856 864 vixit
878 782 970 865 ideo
997 782 1105 864 cirea
1136 781 1277 864 villarn
1310 781 1462 865 Toxun
1493 782 1603 866 ultra

75 896 455 990 Danubium
487 919 550 989 est
590 905 790 1015 sepultus,
823 905 896 989 ubi
939 905 1072 988 iacere
1116 904 1266 988 dicitnr
1304 905 1455 988 Toxuu
1497 931 1602 989 auus

72 1029 295 1113 eius
326 1055 465 1141 ruore
474 1029 728 1138 paganismo.

360 1153 428 1234 85.
463 1150 649 1233 Tradunt
681 1151 847 1259 quidam
893 1152 990 1235 istos
1031 1165 1112 1234 tres
1154 1152 1297 1234 fratres
1339 1150 1444 1235 filies
1475 1149 1603 1235 fuisse

70 1270 224 1353 Va
243 1275 332 1356 znl
364 1273 482 1356 ducis
515 1302 569 1355 ex
602 1274 781 1381 quadarn
816 1275 957 1382 puella
988 1275 1040 1356 de
1072 1301 1223 1381 genere
1254 1274 1402 1377 Tatu'm
1437 1300 1518 1356 non
1552 1273 1604 1356 de

67 1421 180 1474 ve
193 1423 300 1478 ro
332 1396 449 1479 thoro
481 1408 591 1478 ortos
624 1422 726 1499 esse,
761 1409 802 1477 et
834 1398 887 1480 ob
921 1397 1027 1478 hanc
1060 1397 1392 1479 coniunctionem
1428 1396 1517 1479 illos
1551 1397 1603 1478 de

60 1513 336 1601 Tatun
371 1518 627 1602 nobilitatem
662 1511 1165 1629 accepissel'alsurnpro
1198 1533 1308 1602 certe
1342 1532 1405 1602 est
1437 1533 1478 1601 et
1508 1546 1603 1629 pes·

60 1636 303 1723 sitne
338 1654 585 1743 enarratum,
619 1642 778 1748 absque
811 1669 993 1750 namque
1027 1636 1145 1748 hoc¹)
1179 1656 1277 1724 sunt
1308 1643 1480 1744 nobiles,
1508 1642 1606 1750 quia

66 1755 237 1842 isti
298 1764 369 1872 fity
403 1755 500 1846 sunt
542 1762 649 1845 calui
682 1763 870 1864 Ladizlai,
900 1764 971 1872 qui
1004 1789 1177 1845 uxorein
1211 1763 1263 1845 de
1296 1763 1473 1848 Rutenia
1504 1763 1605 1846 dici·

64 1889 254 1963 tur·
310 1886 540 1994 accepisse,
584 1912 636 1965 ex
680 1912 763 1992 qua
805 1897 886 1969 tres
927 1886 992 1968 isti
1035 1887 1178 1969 fratres
1219 1900 1477 1992 generantur.
1520 1885 1607 1969 lste

66 2007 372 2106 quidem
407 2035 482 2090 rex
505 2007 639 2090 Albus
667 2007 852 2090 Andreas
887 2022 928 2089 et
960 2007 1186 2091 catholicus
1219 2022 1282 2092 est
1313 2021 1496 2092 vocatus.
1518 2007 1607 2090 Tri·

73 2118 270 2213 bus
321 2124 477 2237 ideml)
521 2129 640 2211 annis
682 2129 868 2233 Polon0s‚
911 2130 1128 2233 Bohernos,
1170 2145 1212 2211 et
1254 2131 1478 2233 Australes,
1523 2131 1608 2213 suis

68 2255 328 2337 armis
362 2247 599 2360 hungaris³)
632 2253 729 2333 feeit
761 2253 988 2336 censuales.
1023 2251 1111 2334 Rex
1149 2265 1287 2334 auteur
1322 2248 1388 2334 hic
1420 2252 1608 2335 Andreas

72 2364 328 2459 fratre
363 2376 545 2478 orbatus,
568 2374 679 2456 nrisit
699 2375 737 2455 in
771 2374 981 2458 Poloniant
1004 2378 1053 2456 ad
1076 2376 1252 2457 alterum
1285 2376 1450 2457 fratrem
1484 2402 1606 2458 suurn

69 2479 363 2599 Betam,
391 2525 487 2580 cunr
520 2523 672 2604 rnagna
699 2497 917 2579 dilectione
940 2523 1093 2580 vocans
1127 2524 1221 2579 eunt
1256 2512 1298 2579 et
1328 2496 1493 2580 dicens:
1525 2496 1609 2580 Nos

65 2620 263 2714 qui
306 2621 434 2730 (3ta)
456 2619 666 2728 quondam
702 2619 873 2727 penurie
907 2620 1126 2728 participes
1157 2619 1376 2703 fuimuset
1406 2621 1608 2722 laborum,

63 2744 299 2848 ¹'0go
336 2757 379 2826 te
412 2742 677 2826 dilectissime
719 2743 843 2824 frater
882 2756 929 2824 ut
960 2742 1012 2823 ad
1053 2769 1120 2823 rne
1163 2768 1245 2823 non
1288 2742 1423 2826 tardes
1455 2743 1607 2845 venire,

61 2854 445 2973 quatinus&
478 2858 689 2948 consortes
722 2864 852 2948 simus
884 2863 1140 2970 gaudiorum,
1160 2878 1201 2945 et
1223 2866 1341 2948 bonis
1374 2865 1488 2971 regni
1520 2893 1609 2946 cor·

50 2978 335 3070 Docti
379 2988 597 3096 presencia
635 2986 863 3094 gaudentes
903 2987 1273 3070 connnunicernus.
1311 2986 1457 3096 Neque
1499 2987 1608 3069 enirn

44 3067 141 3157 ¹¹
161 3108 341 3192 atreo
373 3109 569 3191 heredem
581 3105 612 3217 ⁵)
645 3135 783 3216 neque
816 3136 1058 3214 germanum
1091 3124 1229 3219 preter
1249 3124 1374 3212 te3tu
1396 3111 1452 3193 sis
1484 3109 1609 3192 miehi

32 3183 128 3326 h}
156 3238 339 3334 Qres
373 3246 418 3314 tu
451 3231 493 3313 in
527 3258 701 3336 regnum
734 3231 945 3325 succedas.
970 3230 1055 3339 Hys
1073 3233 1228 3340 itaque
1260 3232 1397 3315 verbis
1418 3232 1519 3314 Bela
1538 3232 1609 3314 ad·

47 3450 107 3475 ‚.
141 3444 186 3464 ,
382 3381 478 3438 cum
513 3353 627 3435 omni
658 3352 815 3434 familia
846 3380 922 3435 sua
953 3355 1066 3466 venit
1097 3354 1147 3436 ad
1182 3381 1334 3460 regem.
1369 3352 1503 3449 Quem
1537 3376 1613 3436 rex·

16 3446 60 3496 ι
128 3469 356 3560 ¹dens
397 3477 566 3583 gauisus
620 3487 685 3557 est
732 3474 881 3580 gaudio
926 3501 1074 3580 magno
1116 3474 1258 3575 valde,
1303 3476 1402 3583 quia
1443 3475 1613 3560 fulcitus

10 3565 201 3751 {Q
214 3595 314 3707 ¹2⁶)
347 3599 527 3682 fraterno
568 3598 727 3682 robore.
760 3596 855 3679 Post
897 3596 973 3677 hec
1010 3609 1149 3679 autern
1189 3624 1263 3678 rex
1295 3614 1337 3679 et
1367 3598 1492 3681 frater
1524 3598 1613 3682 eius

23 3811 37 3826 ,
152 3721 311 3804 δὴ
340 3721 483 3829 habito
516 3720 686 3803 consilio
719 3719 949 3801 diuiserunt
971 3745 1143 3824 regnunt
1166 3719 1204 3799 in
1227 3733 1309 3802 tres
1340 3733 1491 3829 partes,
1510 3748 1613 3830 qua·

10 3814 303 3959 ‘Fu
336 3845 420 3928 due
453 3843 494 3925 in
528 3841 777 3950 proprietate
811 3841 919 3945 regie
953 3841 1166 3946 potestatis
1203 3856 1454 3947 manserunt,
1488 3844 1616 3932 tercia

24 3939 60 3987 ν
114 3964 311 4048 Qlo
351 3993 446 4074 pars
488 3965 531 4046 in
574 3961 864 4072 proprietatem
908 3961 1024 4044 ducis
1066 3979 1129 4044 est
1171 3964 1330 4045 collata.
1364 3964 1452 4047 Hec
1494 3966 1616 4071 igitur

45 4058 348 4168 phium
391 4087 504 4194 regni
550 4085 673 4169 huius
717 4084 863 4166 dinisio
904 4084 1170 4166 seminarium
1212 4085 1290 4166 fuit
1333 4086 1532 4168 discordie
1577 4103 1618 4167 et

75 4184 455 4292 Q&terrarum
489 4210 594 4289 inter
626 4207 754 4290 dures
787 4220 828 4287 et
861 4232 976 4310 reges
998 4205 1217 4309 Hungarie.
1242 4206 1301 4287 Eo
1323 4221 1508 4313 ternpore
1541 4234 1616 4288 rex

126 4298 404 4414 Andreas
436 4331 554 4411 iuxta
588 4328 723 4410 lacurn
756 4324 974 4433 Baiarum)
1017 4329 1248 4410 construxit
1280 4323 1615 4436 monasteriunr⁸)

167 4481 424 4549 *x-..ss-

10 4589 56 4720 ι..
377 4619 402 4714 ¹)
424 4623 665 4716 horrentque.
684 4615 709 4699 ¹)
733 4619 834 4697 enim.
853 4616 880 4704 ⁸)
904 4620 1010 4716 hung.
1030 4623 1101 4696 suis
1122 4621 1235 4696 armis.
1253 4616 1280 4709 ⁴)
1304 4625 1482 4714 quatenus.
1504 4616 1530 4709 ⁵)
1554 4621 1613 4696 he·

211 4717 335 4805 radent
368 4730 490 4806 habeo.
521 4722 547 4806 ⁶)
571 4726 629 4822 qui
656 4726 738 4803 fulc.
767 4727 920 4802 fraterno
948 4731 1013 4801 est.
1041 4729 1082 4802 B.
1112 4726 1191 4821 quia
1218 4726 1297 4802 frat.
1330 4724 1411 4800 fulc.
1441 4730 1504 4802 est.
1535 4727 1612 4805 VP.

10 4896 20 4934 >
225 4825 252 4924 'l
275 4828 445 4914 turtum.
475 4832 512 4916 S.
540 4832 702 4912 Volutet.
729 4832 772 4912 V.
803 4825 830 4919 ⁸)
855 4829 1032 4911 ecclesian
1059 4829 1177 4908 Sancti
1203 4828 1340 4910 Anium
1368 4829 1406 4910 S.
