<?xml version="1.0" encoding="UTF-8"?>
<!DOCTYPE html PUBLIC "-//W3C//DTD XHTML 1.0 Transitional//EN"
    "http://www.w3.org/TR/xhtml1/DTD/xhtml1-transitional.dtd">
<html xmlns="http://www.w3.org/1999/xhtml" xml:lang="en" lang="en">
 <head>
  <title>
</title>
<meta http-equiv="Content-Type" content="text/html;charset=utf-8" />
  <meta name='ocr-system' content='tesseract 3.04.00' />
  <meta name='ocr-capabilities' content='ocr_page ocr_carea ocr_par ocr_line ocrx_word'/>
</head>
<body>
  <div class='ocr_page' id='page_1' title='image "./chronicondubnic00florgoog_0139.png"; bbox 0 0 3660 5506; ppageno 0'>
   <div class='ocr_carea' id='block_1_1' title="bbox 833 328 989 430">
    <p class='ocr_par' dir='ltr' id='par_1_1' title="bbox 833 328 989 430">
     <span class='ocr_line' id='line_1_1' title="bbox 833 328 989 430; baseline -0.006 -35"><span class='ocrx_word' id='word_1_1' title='bbox 833 328 989 430; x_wconf 44' lang='lat' dir='ltr'>*rao—</span> 
     </span>
    </p>
   </div>
   <div class='ocr_carea' id='block_1_2' title="bbox 110 543 1624 4700">
    <p class='ocr_par' dir='ltr' id='par_1_2' title="bbox 110 543 1624 4700">
     <span class='ocr_line' id='line_1_2' title="bbox 212 543 1617 654; baseline -0.001 -26"><span class='ocrx_word' id='word_1_2' title='bbox 212 573 320 628; x_wconf 91' lang='lat' dir='ltr'>mors</span> <span class='ocrx_word' id='word_1_3' title='bbox 353 573 434 654; x_wconf 91' lang='lat' dir='ltr'>que</span> <span class='ocrx_word' id='word_1_4' title='bbox 474 572 549 654; x_wconf 88' lang='lat' dir='ltr'>per</span> <span class='ocrx_word' id='word_1_5' title='bbox 590 570 789 626; x_wconf 85' lang='lat' dir='ltr'>excessus</span> <span class='ocrx_word' id='word_1_6' title='bbox 832 543 1079 625; x_wconf 84' lang='lat' dir='ltr'>delictorum</span> <span class='ocrx_word' id='word_1_7' title='bbox 1112 545 1262 627; x_wconf 89' lang='lat' dir='ltr'>veteris</span> <span class='ocrx_word' id='word_1_8' title='bbox 1305 545 1488 654; x_wconf 89' lang='lat' dir='ltr'>parentis</span> <span class='ocrx_word' id='word_1_9' title='bbox 1522 571 1617 654; x_wconf 91' lang='lat' dir='ltr'>pro·</span> 
     </span>
     <span class='ocr_line' id='line_1_3' title="bbox 210 667 1618 777; baseline -0.001 -28"><span class='ocrx_word' id='word_1_10' title='bbox 210 668 417 777; x_wconf 88' lang='lat' dir='ltr'>thoplasti,</span> <span class='ocrx_word' id='word_1_11' title='bbox 442 694 579 750; x_wconf 88' lang='lat' dir='ltr'>morsu</span> <span class='ocrx_word' id='word_1_12' title='bbox 611 667 724 776; x_wconf 87' lang='lat' dir='ltr'>pomi</span> <span class='ocrx_word' id='word_1_13' title='bbox 757 667 947 770; x_wconf 83' lang='lat' dir='ltr'>noxialis,</span> <span class='ocrx_word' id='word_1_14' title='bbox 969 668 1186 776; x_wconf 90' lang='lat' dir='ltr'>dyabolice</span> <span class='ocrx_word' id='word_1_15' title='bbox 1207 669 1362 751; x_wconf 87' lang='lat' dir='ltr'>fraudis</span> <span class='ocrx_word' id='word_1_16' title='bbox 1396 668 1618 774; x_wconf 84' lang='lat' dir='ltr'>instigante</span> 
     </span>
     <span class='ocr_line' id='line_1_4' title="bbox 210 789 1620 899; baseline 0.001 -28"><span class='ocrx_word' id='word_1_17' title='bbox 210 791 403 899; x_wconf 84' lang='lat' dir='ltr'>nequicia</span> <span class='ocrx_word' id='word_1_18' title='bbox 443 804 734 898; x_wconf 89' lang='lat' dir='ltr'>preconcepta,</span> <span class='ocrx_word' id='word_1_19' title='bbox 767 789 1005 896; x_wconf 88' lang='lat' dir='ltr'>serpentino</span> <span class='ocrx_word' id='word_1_20' title='bbox 1039 816 1201 872; x_wconf 89' lang='lat' dir='ltr'>veneno</span> <span class='ocrx_word' id='word_1_21' title='bbox 1235 791 1346 873; x_wconf 89' lang='lat' dir='ltr'>virus</span> <span class='ocrx_word' id='word_1_22' title='bbox 1388 790 1620 898; x_wconf 90' lang='lat' dir='ltr'>iniquitatis</span> 
     </span>
     <span class='ocr_line' id='line_1_5' title="bbox 208 912 1624 1020; baseline -0.001 -27"><span class='ocrx_word' id='word_1_23' title='bbox 208 914 445 1014; x_wconf 68' lang='lat' dir='ltr'>infundens,</span> <span class='ocrx_word' id='word_1_24' title='bbox 477 914 691 994; x_wconf 77' lang='lat' dir='ltr'>inferendo</span> <span class='ocrx_word' id='word_1_25' title='bbox 730 913 770 991; x_wconf 89' lang='lat' dir='ltr'>in</span> <span class='ocrx_word' id='word_1_26' title='bbox 813 912 957 993; x_wconf 92' lang='lat' dir='ltr'>orbem</span> <span class='ocrx_word' id='word_1_27' title='bbox 998 924 1103 993; x_wconf 89' lang='lat' dir='ltr'>terre</span> <span class='ocrx_word' id='word_1_28' title='bbox 1145 913 1248 996; x_wconf 87' lang='lat' dir='ltr'>filios</span> <span class='ocrx_word' id='word_1_29' title='bbox 1293 913 1480 995; x_wconf 89' lang='lat' dir='ltr'>eiusdem</span> <span class='ocrx_word' id='word_1_30' title='bbox 1522 923 1624 1020; x_wconf 72' lang='lat' dir='ltr'>pro·&#39;</span> 
     </span>
     <span class='ocr_line' id='line_1_6' title="bbox 209 1035 1621 1144; baseline 0 -28"><span class='ocrx_word' id='word_1_31' title='bbox 209 1036 416 1142; x_wconf 91' lang='lat' dir='ltr'>thoplasti,</span> <span class='ocrx_word' id='word_1_32' title='bbox 449 1035 662 1144; x_wconf 88' lang='lat' dir='ltr'>impauida</span> <span class='ocrx_word' id='word_1_33' title='bbox 693 1059 777 1114; x_wconf 92' lang='lat' dir='ltr'>non</span> <span class='ocrx_word' id='word_1_34' title='bbox 809 1035 960 1116; x_wconf 88' lang='lat' dir='ltr'>timens</span> <span class='ocrx_word' id='word_1_35' title='bbox 994 1062 1131 1143; x_wconf 89' lang='lat' dir='ltr'>neque</span> <span class='ocrx_word' id='word_1_36' title='bbox 1155 1062 1314 1139; x_wconf 87' lang='lat' dir='ltr'>verens,</span> <span class='ocrx_word' id='word_1_37' title='bbox 1333 1035 1427 1117; x_wconf 90' lang='lat' dir='ltr'>dolo</span> <span class='ocrx_word' id='word_1_38' title='bbox 1461 1035 1621 1117; x_wconf 85' lang='lat' dir='ltr'>fraudis</span> 
     </span>
     <span class='ocr_line' id='line_1_7' title="bbox 208 1157 1621 1266; baseline 0.001 -28"><span class='ocrx_word' id='word_1_39' title='bbox 208 1161 367 1266; x_wconf 90' lang='lat' dir='ltr'>repleta</span> <span class='ocrx_word' id='word_1_40' title='bbox 399 1158 630 1266; x_wconf 89' lang='lat' dir='ltr'>diripiendo</span> <span class='ocrx_word' id='word_1_41' title='bbox 663 1184 711 1237; x_wconf 89' lang='lat' dir='ltr'>ac</span> <span class='ocrx_word' id='word_1_42' title='bbox 743 1157 994 1260; x_wconf 88' lang='lat' dir='ltr'>deuorand0,</span> <span class='ocrx_word' id='word_1_43' title='bbox 1021 1158 1199 1239; x_wconf 89' lang='lat' dir='ltr'>intrandi</span> <span class='ocrx_word' id='word_1_44' title='bbox 1224 1158 1392 1240; x_wconf 87' lang='lat' dir='ltr'>semitas</span> <span class='ocrx_word' id='word_1_45' title='bbox 1424 1157 1621 1264; x_wconf 88' lang='lat' dir='ltr'>primitus</span> 
     </span>
     <span class='ocr_line' id='line_1_8' title="bbox 211 1280 1620 1389; baseline -0.003 -26"><span class='ocrx_word' id='word_1_46' title='bbox 211 1281 436 1389; x_wconf 87' lang='lat' dir='ltr'>queritasti.</span> <span class='ocrx_word' id='word_1_47' title='bbox 470 1280 620 1362; x_wconf 85' lang='lat' dir='ltr'>Mirum</span> <span class='ocrx_word' id='word_1_48' title='bbox 654 1293 716 1361; x_wconf 89' lang='lat' dir='ltr'>est</span> <span class='ocrx_word' id='word_1_49' title='bbox 748 1280 860 1386; x_wconf 90' lang='lat' dir='ltr'>quod</span> <span class='ocrx_word' id='word_1_50' title='bbox 894 1294 1008 1360; x_wconf 89' lang='lat' dir='ltr'>tanta</span> <span class='ocrx_word' id='word_1_51' title='bbox 1039 1281 1258 1386; x_wconf 84' lang='lat' dir='ltr'>gulositate</span> <span class='ocrx_word' id='word_1_52' title='bbox 1291 1280 1535 1381; x_wconf 87' lang='lat' dir='ltr'>insaciabili,</span> <span class='ocrx_word' id='word_1_53' title='bbox 1555 1306 1620 1360; x_wconf 94' lang='lat' dir='ltr'>ra·</span> 
     </span>
     <span class='ocr_line' id='line_1_9' title="bbox 209 1402 1621 1512; baseline -0.001 -28"><span class='ocrx_word' id='word_1_54' title='bbox 209 1404 389 1512; x_wconf 88' lang='lat' dir='ltr'>pacitate</span> <span class='ocrx_word' id='word_1_55' title='bbox 421 1403 649 1484; x_wconf 89' lang='lat' dir='ltr'>latrocinali</span> <span class='ocrx_word' id='word_1_56' title='bbox 687 1402 892 1483; x_wconf 87' lang='lat' dir='ltr'>cadauera</span> <span class='ocrx_word' id='word_1_57' title='bbox 927 1418 1183 1485; x_wconf 91' lang='lat' dir='ltr'>mortuorum</span> <span class='ocrx_word' id='word_1_58' title='bbox 1225 1402 1498 1508; x_wconf 89' lang='lat' dir='ltr'>degluoiendo</span> <span class='ocrx_word' id='word_1_59' title='bbox 1534 1428 1621 1483; x_wconf 90' lang='lat' dir='ltr'>uon</span> 
     </span>
     <span class='ocr_line' id='line_1_10' title="bbox 210 1525 1621 1631; baseline -0.003 -23"><span class='ocrx_word' id='word_1_60' title='bbox 210 1526 444 1608; x_wconf 76' lang='lat' dir='ltr'>sociaberis.</span> <span class='ocrx_word' id='word_1_61' title='bbox 461 1525 513 1606; x_wconf 82' lang='lat' dir='ltr'>Et</span> <span class='ocrx_word' id='word_1_62' title='bbox 530 1554 604 1608; x_wconf 92' lang='lat' dir='ltr'>cur</span> <span class='ocrx_word' id='word_1_63' title='bbox 636 1526 686 1604; x_wconf 90' lang='lat' dir='ltr'>de</span> <span class='ocrx_word' id='word_1_64' title='bbox 720 1550 890 1631; x_wconf 91' lang='lat' dir='ltr'>corpore</span> <span class='ocrx_word' id='word_1_65' title='bbox 922 1525 1166 1608; x_wconf 69' lang='lat' dir='ltr'>fetidissimo</span> <span class='ocrx_word' id='word_1_66' title='bbox 1199 1541 1469 1627; x_wconf 89' lang='lat' dir='ltr'>mortuorum,</span> <span class='ocrx_word' id='word_1_67' title='bbox 1488 1551 1621 1631; x_wconf 88' lang='lat' dir='ltr'>quam</span> 
     </span>
     <span class='ocr_line' id='line_1_11' title="bbox 211 1647 1621 1755; baseline -0.003 -24"><span class='ocrx_word' id='word_1_68' title='bbox 211 1649 402 1731; x_wconf 87' lang='lat' dir='ltr'>vinorum</span> <span class='ocrx_word' id='word_1_69' title='bbox 446 1648 746 1755; x_wconf 86' lang='lat' dir='ltr'>congaudendo</span> <span class='ocrx_word' id='word_1_70' title='bbox 787 1647 1030 1753; x_wconf 79' lang='lat' dir='ltr'>gratularis?</span> <span class='ocrx_word' id='word_1_71' title='bbox 1062 1648 1153 1730; x_wconf 92' lang='lat' dir='ltr'>Non</span> <span class='ocrx_word' id='word_1_72' title='bbox 1197 1648 1308 1728; x_wconf 92' lang='lat' dir='ltr'>enim</span> <span class='ocrx_word' id='word_1_73' title='bbox 1350 1648 1403 1728; x_wconf 91' lang='lat' dir='ltr'>ad</span> <span class='ocrx_word' id='word_1_74' title='bbox 1442 1647 1621 1728; x_wconf 91' lang='lat' dir='ltr'>domum</span> 
     </span>
     <span class='ocr_line' id='line_1_12' title="bbox 211 1770 1622 1879; baseline -0.001 -28"><span class='ocrx_word' id='word_1_75' title='bbox 211 1772 391 1879; x_wconf 90' lang='lat' dir='ltr'>conuiuy</span> <span class='ocrx_word' id='word_1_76' title='bbox 426 1788 468 1851; x_wconf 88' lang='lat' dir='ltr'>et</span> <span class='ocrx_word' id='word_1_77' title='bbox 508 1771 730 1853; x_wconf 89' lang='lat' dir='ltr'>cuiuslibet</span> <span class='ocrx_word' id='word_1_78' title='bbox 772 1770 1045 1853; x_wconf 79' lang='lat' dir='ltr'>solemnitatis</span> <span class='ocrx_word' id='word_1_79' title='bbox 1086 1772 1250 1874; x_wconf 82' lang='lat' dir='ltr'>festum,</span> <span class='ocrx_word' id='word_1_80' title='bbox 1284 1771 1359 1853; x_wconf 86' lang='lat' dir='ltr'>sed</span> <span class='ocrx_word' id='word_1_81' title='bbox 1390 1770 1443 1850; x_wconf 91' lang='lat' dir='ltr'>ad</span> <span class='ocrx_word' id='word_1_82' title='bbox 1475 1770 1622 1859; x_wconf 83' lang='lat' dir='ltr'>locum</span> 
     </span>
     <span class='ocr_line' id='line_1_13' title="bbox 211 1893 1621 2002; baseline 0 -28"><span class='ocrx_word' id='word_1_83' title='bbox 211 1895 348 1976; x_wconf 92' lang='lat' dir='ltr'>luctus</span> <span class='ocrx_word' id='word_1_84' title='bbox 380 1896 476 2002; x_wconf 90' lang='lat' dir='ltr'>plus</span> <span class='ocrx_word' id='word_1_85' title='bbox 507 1895 676 1974; x_wconf 83' lang='lat' dir='ltr'>festinas</span> <span class='ocrx_word' id='word_1_86' title='bbox 720 1901 874 1972; x_wconf 88' lang='lat' dir='ltr'>temere</span> <span class='ocrx_word' id='word_1_87' title='bbox 918 1920 1150 2000; x_wconf 88' lang='lat' dir='ltr'>properare.</span> <span class='ocrx_word' id='word_1_88' title='bbox 1184 1893 1330 2001; x_wconf 90' lang='lat' dir='ltr'>Neque</span> <span class='ocrx_word' id='word_1_89' title='bbox 1363 1919 1478 1975; x_wconf 88' lang='lat' dir='ltr'>casas</span> <span class='ocrx_word' id='word_1_90' title='bbox 1511 1920 1621 2000; x_wconf 88' lang='lat' dir='ltr'>pau·</span> 
     </span>
     <span class='ocr_line' id='line_1_14' title="bbox 208 2014 1622 2125; baseline -0.001 -28"><span class='ocrx_word' id='word_1_91' title='bbox 208 2044 370 2125; x_wconf 88' lang='lat' dir='ltr'>perum,</span> <span class='ocrx_word' id='word_1_92' title='bbox 403 2043 541 2124; x_wconf 87' lang='lat' dir='ltr'>neque</span> <span class='ocrx_word' id='word_1_93' title='bbox 583 2018 699 2097; x_wconf 86' lang='lat' dir='ltr'>aulas</span> <span class='ocrx_word' id='word_1_94' title='bbox 732 2043 805 2096; x_wconf 87' lang='lat' dir='ltr'>scu</span> <span class='ocrx_word' id='word_1_95' title='bbox 849 2018 952 2096; x_wconf 89' lang='lat' dir='ltr'>atria</span> <span class='ocrx_word' id='word_1_96' title='bbox 991 2042 1148 2120; x_wconf 88' lang='lat' dir='ltr'>regum,</span> <span class='ocrx_word' id='word_1_97' title='bbox 1183 2017 1297 2098; x_wconf 91' lang='lat' dir='ltr'>nullo</span> <span class='ocrx_word' id='word_1_98' title='bbox 1340 2014 1492 2096; x_wconf 91' lang='lat' dir='ltr'>nuncio</span> <span class='ocrx_word' id='word_1_99' title='bbox 1529 2043 1622 2096; x_wconf 89' lang='lat' dir='ltr'>me·</span> 
     </span>
     <span class='ocr_line' id='line_1_15' title="bbox 210 2136 1622 2243; baseline -0.001 -25"><span class='ocrx_word' id='word_1_100' title='bbox 210 2141 348 2220; x_wconf 88' lang='lat' dir='ltr'>diante</span> <span class='ocrx_word' id='word_1_101' title='bbox 392 2140 503 2219; x_wconf 89' lang='lat' dir='ltr'>adire</span> <span class='ocrx_word' id='word_1_102' title='bbox 547 2139 754 2220; x_wconf 81' lang='lat' dir='ltr'>formidas.</span> <span class='ocrx_word' id='word_1_103' title='bbox 787 2136 959 2218; x_wconf 81' lang='lat' dir='ltr'>Necnon</span> <span class='ocrx_word' id='word_1_104' title='bbox 1004 2140 1244 2243; x_wconf 89' lang='lat' dir='ltr'>coniugatos</span> <span class='ocrx_word' id='word_1_105' title='bbox 1285 2167 1337 2218; x_wconf 84' lang='lat' dir='ltr'>ex</span> <span class='ocrx_word' id='word_1_106' title='bbox 1372 2164 1469 2218; x_wconf 89' lang='lat' dir='ltr'>vcra</span> <span class='ocrx_word' id='word_1_107' title='bbox 1512 2138 1622 2218; x_wconf 91' lang='lat' dir='ltr'>dile·</span> 
     </span>
     <span class='ocr_line' id='line_1_16' title="bbox 211 2260 1621 2368; baseline -0.001 -27"><span class='ocrx_word' id='word_1_108' title='bbox 211 2262 346 2342; x_wconf 86' lang='lat' dir='ltr'>ctione</span> <span class='ocrx_word' id='word_1_109' title='bbox 379 2261 669 2342; x_wconf 86' lang='lat' dir='ltr'>matrimoniali</span> <span class='ocrx_word' id='word_1_110' title='bbox 703 2261 883 2341; x_wconf 89' lang='lat' dir='ltr'>inuicem</span> <span class='ocrx_word' id='word_1_111' title='bbox 917 2261 1144 2368; x_wconf 85' lang='lat' dir='ltr'>copulatos,</span> <span class='ocrx_word' id='word_1_112' title='bbox 1166 2262 1414 2342; x_wconf 90' lang='lat' dir='ltr'>diuorcionis</span> <span class='ocrx_word' id='word_1_113' title='bbox 1446 2260 1621 2343; x_wconf 90' lang='lat' dir='ltr'>vinculo</span> 
     </span>
     <span class='ocr_line' id='line_1_17' title="bbox 210 2382 1622 2492; baseline 0.001 -28"><span class='ocrx_word' id='word_1_114' title='bbox 210 2385 406 2464; x_wconf 89' lang='lat' dir='ltr'>innodare</span> <span class='ocrx_word' id='word_1_115' title='bbox 439 2411 524 2465; x_wconf 91' lang='lat' dir='ltr'>non</span> <span class='ocrx_word' id='word_1_116' title='bbox 563 2383 767 2492; x_wconf 87' lang='lat' dir='ltr'>pauescis,</span> <span class='ocrx_word' id='word_1_117' title='bbox 801 2383 931 2464; x_wconf 89' lang='lat' dir='ltr'>filium</span> <span class='ocrx_word' id='word_1_118' title='bbox 965 2411 990 2464; x_wconf 89' lang='lat' dir='ltr'>a</span> <span class='ocrx_word' id='word_1_119' title='bbox 1020 2400 1149 2491; x_wconf 90' lang='lat' dir='ltr'>patre,</span> <span class='ocrx_word' id='word_1_120' title='bbox 1182 2399 1344 2492; x_wconf 92' lang='lat' dir='ltr'>patrem</span> <span class='ocrx_word' id='word_1_121' title='bbox 1376 2411 1401 2464; x_wconf 89' lang='lat' dir='ltr'>a</span> <span class='ocrx_word' id='word_1_122' title='bbox 1432 2382 1517 2462; x_wconf 92' lang='lat' dir='ltr'>filio</span> <span class='ocrx_word' id='word_1_123' title='bbox 1551 2410 1622 2465; x_wconf 86' lang='lat' dir='ltr'>so·</span> 
     </span>
     <span class='ocr_line' id='line_1_18' title="bbox 208 2505 1623 2622; baseline -0.001 -35"><span class='ocrx_word' id='word_1_124' title='bbox 208 2508 405 2622; x_wconf 82' lang='lat' dir='ltr'>parando</span> <span class='ocrx_word' id='word_1_125' title='bbox 447 2507 593 2587; x_wconf 91' lang='lat' dir='ltr'>Nonne</span> <span class='ocrx_word' id='word_1_126' title='bbox 634 2533 818 2587; x_wconf 89' lang='lat' dir='ltr'>amaram</span> <span class='ocrx_word' id='word_1_127' title='bbox 860 2506 1006 2587; x_wconf 89' lang='lat' dir='ltr'>duram</span> <span class='ocrx_word' id='word_1_128' title='bbox 1049 2507 1260 2587; x_wconf 88' lang='lat' dir='ltr'>crudelem</span> <span class='ocrx_word' id='word_1_129' title='bbox 1295 2522 1336 2587; x_wconf 91' lang='lat' dir='ltr'>et</span> <span class='ocrx_word' id='word_1_130' title='bbox 1368 2505 1542 2613; x_wconf 88' lang='lat' dir='ltr'>impiam</span> <span class='ocrx_word' id='word_1_131' title='bbox 1578 2520 1623 2586; x_wconf 89' lang='lat' dir='ltr'>te</span> 
     </span>
     <span class='ocr_line' id='line_1_19' title="bbox 208 2628 1620 2731; baseline 0 -22"><span class='ocrx_word' id='word_1_132' title='bbox 208 2634 295 2711; x_wconf 85' lang='lat' dir='ltr'>fore</span> <span class='ocrx_word' id='word_1_133' title='bbox 328 2630 588 2731; x_wconf 86' lang='lat' dir='ltr'>ostendebas,</span> <span class='ocrx_word' id='word_1_134' title='bbox 615 2630 714 2710; x_wconf 91' lang='lat' dir='ltr'>dum</span> <span class='ocrx_word' id='word_1_135' title='bbox 747 2655 857 2709; x_wconf 89' lang='lat' dir='ltr'>anno</span> <span class='ocrx_word' id='word_1_136' title='bbox 890 2629 1047 2709; x_wconf 91' lang='lat' dir='ltr'>domini</span> <span class='ocrx_word' id='word_1_137' title='bbox 1080 2629 1298 2711; x_wconf 89' lang='lat' dir='ltr'>millesimo</span> <span class='ocrx_word' id='word_1_138' title='bbox 1333 2628 1620 2710; x_wconf 86' lang='lat' dir='ltr'>tricentesimo</span> 
     </span>
     <span class='ocr_line' id='line_1_20' title="bbox 210 2751 1620 2859; baseline -0.003 -25"><span class='ocrx_word' id='word_1_139' title='bbox 210 2753 524 2859; x_wconf 88' lang='lat' dir='ltr'>quadragesimo</span> <span class='ocrx_word' id='word_1_140' title='bbox 558 2753 754 2854; x_wconf 87' lang='lat' dir='ltr'>secundo,</span> <span class='ocrx_word' id='word_1_141' title='bbox 773 2753 964 2859; x_wconf 90' lang='lat' dir='ltr'>sequenti</span> <span class='ocrx_word' id='word_1_142' title='bbox 985 2752 1050 2832; x_wconf 89' lang='lat' dir='ltr'>die</span> <span class='ocrx_word' id='word_1_143' title='bbox 1072 2751 1297 2834; x_wconf 89' lang='lat' dir='ltr'>Diuisionis</span> <span class='ocrx_word' id='word_1_144' title='bbox 1317 2751 1620 2858; x_wconf 89' lang='lat' dir='ltr'>apostolorum,</span> 
     </span>
     <span class='ocr_line' id='line_1_21' title="bbox 209 2873 1618 2983; baseline -0.001 -28"><span class='ocrx_word' id='word_1_145' title='bbox 209 2876 370 2956; x_wconf 88' lang='lat' dir='ltr'>decimo</span> <span class='ocrx_word' id='word_1_146' title='bbox 417 2876 594 2983; x_wconf 90' lang='lat' dir='ltr'>septimo</span> <span class='ocrx_word' id='word_1_147' title='bbox 643 2876 841 2955; x_wconf 86' lang='lat' dir='ltr'>kalendas</span> <span class='ocrx_word' id='word_1_148' title='bbox 889 2875 1066 2979; x_wconf 83' lang='lat' dir='ltr'>Augusti</span> <span class='ocrx_word' id='word_1_149' title='bbox 1113 2891 1294 2957; x_wconf 90' lang='lat' dir='ltr'>castrum</span> <span class='ocrx_word' id='word_1_150' title='bbox 1340 2873 1618 2956; x_wconf 81' lang='lat' dir='ltr'>tortissimum</span> 
     </span>
     <span class='ocr_line' id='line_1_22' title="bbox 208 2997 1618 3104; baseline 0.001 -26"><span class='ocrx_word' id='word_1_151' title='bbox 208 2999 494 3080; x_wconf 88' lang='lat' dir='ltr'>inestimabilis</span> <span class='ocrx_word' id='word_1_152' title='bbox 528 2998 766 3098; x_wconf 88' lang='lat' dir='ltr'>altitudinis,</span> <span class='ocrx_word' id='word_1_153' title='bbox 790 3013 831 3076; x_wconf 90' lang='lat' dir='ltr'>et</span> <span class='ocrx_word' id='word_1_154' title='bbox 858 3023 997 3078; x_wconf 91' lang='lat' dir='ltr'>muros</span> <span class='ocrx_word' id='word_1_155' title='bbox 1030 2998 1217 3079; x_wconf 89' lang='lat' dir='ltr'>eiusdem</span> <span class='ocrx_word' id='word_1_156' title='bbox 1249 2997 1618 3104; x_wconf 66' lang='lat' dir='ltr'>inexpugnabiles</span> 
     </span>
     <span class='ocr_line' id='line_1_23' title="bbox 209 3120 1618 3235; baseline -0.001 -34"><span class='ocrx_word' id='word_1_157' title='bbox 209 3123 276 3201; x_wconf 92' lang='lat' dir='ltr'>cui</span> <span class='ocrx_word' id='word_1_158' title='bbox 309 3149 386 3201; x_wconf 92' lang='lat' dir='ltr'>nec</span> <span class='ocrx_word' id='word_1_159' title='bbox 419 3123 480 3202; x_wconf 87' lang='lat' dir='ltr'>vis</span> <span class='ocrx_word' id='word_1_160' title='bbox 512 3149 589 3202; x_wconf 89' lang='lat' dir='ltr'>nec</span> <span class='ocrx_word' id='word_1_161' title='bbox 632 3120 825 3235; x_wconf 84' lang='lat' dir='ltr'>potencia</span> <span class='ocrx_word' id='word_1_162' title='bbox 867 3120 990 3202; x_wconf 92' lang='lat' dir='ltr'>huius</span> <span class='ocrx_word' id='word_1_163' title='bbox 1033 3120 1177 3202; x_wconf 91' lang='lat' dir='ltr'>mundi</span> <span class='ocrx_word' id='word_1_164' title='bbox 1217 3133 1379 3227; x_wconf 86' lang='lat' dir='ltr'>poteret</span> <span class='ocrx_word' id='word_1_165' title='bbox 1420 3145 1618 3226; x_wconf 88' lang='lat' dir='ltr'>quoquo·</span> 
     </span>
     <span class='ocr_line' id='line_1_24' title="bbox 210 3242 1618 3349; baseline -0.001 -26"><span class='ocrx_word' id='word_1_166' title='bbox 210 3245 331 3325; x_wconf 88' lang='lat' dir='ltr'>modo</span> <span class='ocrx_word' id='word_1_167' title='bbox 365 3244 578 3346; x_wconf 90' lang='lat' dir='ltr'>dominari,</span> <span class='ocrx_word' id='word_1_168' title='bbox 612 3260 682 3325; x_wconf 88' lang='lat' dir='ltr'>tue</span> <span class='ocrx_word' id='word_1_169' title='bbox 701 3243 871 3349; x_wconf 87' lang='lat' dir='ltr'>vulpiue</span> <span class='ocrx_word' id='word_1_170' title='bbox 904 3242 1130 3325; x_wconf 89' lang='lat' dir='ltr'>dolositatis</span> <span class='ocrx_word' id='word_1_171' title='bbox 1164 3244 1323 3325; x_wconf 90' lang='lat' dir='ltr'>astucia</span> <span class='ocrx_word' id='word_1_172' title='bbox 1355 3242 1618 3323; x_wconf 88' lang='lat' dir='ltr'>clandestine</span> 
     </span>
     <span class='ocr_line' id='line_1_25' title="bbox 208 3363 1618 3472; baseline 0 -26"><span class='ocrx_word' id='word_1_173' title='bbox 208 3367 468 3449; x_wconf 90' lang='lat' dir='ltr'>inuisibiliter</span> <span class='ocrx_word' id='word_1_174' title='bbox 509 3367 674 3447; x_wconf 90' lang='lat' dir='ltr'>introire</span> <span class='ocrx_word' id='word_1_175' title='bbox 717 3392 801 3446; x_wconf 92' lang='lat' dir='ltr'>non</span> <span class='ocrx_word' id='word_1_176' title='bbox 845 3392 1060 3472; x_wconf 81' lang='lat' dir='ltr'>expauens</span> <span class='ocrx_word' id='word_1_177' title='bbox 1099 3383 1140 3445; x_wconf 88' lang='lat' dir='ltr'>et</span> <span class='ocrx_word' id='word_1_178' title='bbox 1178 3365 1333 3446; x_wconf 89' lang='lat' dir='ltr'>ibidem</span> <span class='ocrx_word' id='word_1_179' title='bbox 1377 3363 1618 3446; x_wconf 90' lang='lat' dir='ltr'>hostilitatis</span> 
     </span>
     <span class='ocr_line' id='line_1_26' title="bbox 208 3486 1617 3596; baseline 0 -27"><span class='ocrx_word' id='word_1_180' title='bbox 208 3516 322 3569; x_wconf 90' lang='lat' dir='ltr'>arma</span> <span class='ocrx_word' id='word_1_181' title='bbox 354 3490 628 3596; x_wconf 88' lang='lat' dir='ltr'>potentissimi</span> <span class='ocrx_word' id='word_1_182' title='bbox 663 3488 858 3596; x_wconf 92' lang='lat' dir='ltr'>principis</span> <span class='ocrx_word' id='word_1_183' title='bbox 886 3488 1041 3568; x_wconf 90' lang='lat' dir='ltr'>domini</span> <span class='ocrx_word' id='word_1_184' title='bbox 1064 3488 1201 3568; x_wconf 75' lang='lat' dir='ltr'>liaroli</span> <span class='ocrx_word' id='word_1_185' title='bbox 1236 3488 1302 3568; x_wconf 89' lang='lat' dir='ltr'>dci</span> <span class='ocrx_word' id='word_1_186' title='bbox 1335 3488 1471 3592; x_wconf 87' lang='lat' dir='ltr'>gracia</span> <span class='ocrx_word' id='word_1_187' title='bbox 1503 3486 1617 3592; x_wconf 87' lang='lat' dir='ltr'>regis</span> 
     </span>
     <span class='ocr_line' id='line_1_27' title="bbox 154 3607 1618 3719; baseline -0.002 -27"><span class='ocrx_word' id='word_1_188' title='bbox 154 3623 155 3626; x_wconf 69' lang='lat'><em>&#39;</em></span> <span class='ocrx_word' id='word_1_189' title='bbox 207 3612 566 3718; x_wconf 86' lang='lat' dir='ltr'>Hungarie,cuius</span> <span class='ocrx_word' id='word_1_190' title='bbox 598 3613 802 3719; x_wconf 89' lang='lat' dir='ltr'>potencie,</span> <span class='ocrx_word' id='word_1_191' title='bbox 835 3611 1033 3692; x_wconf 88' lang='lat' dir='ltr'>altissimo</span> <span class='ocrx_word' id='word_1_192' title='bbox 1067 3611 1200 3691; x_wconf 86' lang='lat' dir='ltr'>taliter</span> <span class='ocrx_word' id='word_1_193' title='bbox 1232 3612 1478 3718; x_wconf 88' lang='lat' dir='ltr'>disponente</span> <span class='ocrx_word' id='word_1_194' title='bbox 1510 3607 1618 3690; x_wconf 88' lang='lat' dir='ltr'>Dal·</span> 
     </span>
     <span class='ocr_line' id='line_1_28' title="bbox 209 3732 1620 3817; baseline 0 -3"><span class='ocrx_word' id='word_1_195' title='bbox 209 3738 341 3816; x_wconf 91' lang='lat' dir='ltr'>macia</span> <span class='ocrx_word' id='word_1_196' title='bbox 373 3735 542 3817; x_wconf 83' lang='lat' dir='ltr'>Croacia</span> <span class='ocrx_word' id='word_1_197' title='bbox 578 3735 709 3816; x_wconf 83' lang='lat' dir='ltr'>Rama</span> <span class='ocrx_word' id='word_1_198' title='bbox 750 3735 894 3816; x_wconf 73' lang='lat' dir='ltr'>Seruia</span> <span class='ocrx_word' id='word_1_199' title='bbox 926 3733 1097 3815; x_wconf 87' lang='lat' dir='ltr'>Gallicia</span> <span class='ocrx_word' id='word_1_200' title='bbox 1130 3733 1375 3814; x_wconf 87' lang='lat' dir='ltr'>Lodomeria</span> <span class='ocrx_word' id='word_1_201' title='bbox 1407 3732 1620 3814; x_wconf 84' lang='lat' dir='ltr'>Cumania</span> 
     </span>
     <span class='ocr_line' id='line_1_29' title="bbox 206 3854 1618 3966; baseline -0.001 -28"><span class='ocrx_word' id='word_1_202' title='bbox 206 3858 397 3962; x_wconf 87' lang='lat' dir='ltr'>Bulgaria</span> <span class='ocrx_word' id='word_1_203' title='bbox 445 3874 613 3964; x_wconf 86' lang='lat' dir='ltr'>totaque</span> <span class='ocrx_word' id='word_1_204' title='bbox 661 3858 873 3962; x_wconf 90' lang='lat' dir='ltr'>Huugaria</span> <span class='ocrx_word' id='word_1_205' title='bbox 920 3856 1173 3966; x_wconf 87' lang='lat' dir='ltr'>Salernaque</span> <span class='ocrx_word' id='word_1_206' title='bbox 1222 3884 1271 3937; x_wconf 89' lang='lat' dir='ltr'>ac</span> <span class='ocrx_word' id='word_1_207' title='bbox 1313 3854 1433 3937; x_wconf 89' lang='lat' dir='ltr'>Mons</span> <span class='ocrx_word' id='word_1_208' title='bbox 1478 3854 1618 3936; x_wconf 91' lang='lat' dir='ltr'>sancti</span> 
     </span>
     <span class='ocr_line' id='line_1_30' title="bbox 207 3976 1618 4087; baseline -0.001 -27"><span class='ocrx_word' id='word_1_209' title='bbox 207 3981 366 4086; x_wconf 85' lang='lat' dir='ltr'>Angeli,</span> <span class='ocrx_word' id='word_1_210' title='bbox 401 3999 441 4060; x_wconf 92' lang='lat' dir='ltr'>et</span> <span class='ocrx_word' id='word_1_211' title='bbox 478 3982 557 4061; x_wconf 88' lang='lat' dir='ltr'>alia</span> <span class='ocrx_word' id='word_1_212' title='bbox 598 4008 734 4086; x_wconf 88' lang='lat' dir='ltr'>regua,</span> <span class='ocrx_word' id='word_1_213' title='bbox 768 3996 889 4087; x_wconf 87' lang='lat' dir='ltr'>puta:</span> <span class='ocrx_word' id='word_1_214' title='bbox 923 3981 1197 4062; x_wconf 87' lang='lat' dir='ltr'>Bohemiense</span> <span class='ocrx_word' id='word_1_215' title='bbox 1211 3976 1238 4087; x_wconf 83' lang='lat'>¹)</span> <span class='ocrx_word' id='word_1_216' title='bbox 1273 3979 1398 4086; x_wconf 76' lang='lat' dir='ltr'>(aab)</span> <span class='ocrx_word' id='word_1_217' title='bbox 1433 3976 1618 4059; x_wconf 89' lang='lat' dir='ltr'>circum·</span> 
     </span>
     <span class='ocr_line' id='line_1_31' title="bbox 208 4101 1618 4211; baseline -0.001 -27"><span class='ocrx_word' id='word_1_218' title='bbox 208 4131 374 4211; x_wconf 89' lang='lat' dir='ltr'>quaque</span> <span class='ocrx_word' id='word_1_219' title='bbox 407 4103 645 4185; x_wconf 88' lang='lat' dir='ltr'>adiacencia</span> <span class='ocrx_word' id='word_1_220' title='bbox 677 4102 920 4210; x_wconf 87' lang='lat' dir='ltr'>trepidando</span> <span class='ocrx_word' id='word_1_221' title='bbox 954 4104 1241 4205; x_wconf 88' lang='lat' dir='ltr'>abhorrebant,</span> <span class='ocrx_word' id='word_1_222' title='bbox 1276 4101 1493 4182; x_wconf 90' lang='lat' dir='ltr'>imminere</span> <span class='ocrx_word' id='word_1_223' title='bbox 1527 4127 1618 4182; x_wconf 91' lang='lat' dir='ltr'>non</span> 
     </span>
     <span class='ocr_line' id='line_1_32' title="bbox 207 4224 1619 4334; baseline -0.001 -27"><span class='ocrx_word' id='word_1_224' title='bbox 207 4243 410 4329; x_wconf 85' lang='lat' dir='ltr'>metuens,</span> <span class='ocrx_word' id='word_1_225' title='bbox 428 4229 652 4334; x_wconf 89' lang='lat' dir='ltr'>ipsumque</span> <span class='ocrx_word' id='word_1_226' title='bbox 685 4224 955 4330; x_wconf 87' lang='lat' dir='ltr'>quadraginta</span> <span class='ocrx_word' id='word_1_227' title='bbox 987 4225 1152 4307; x_wconf 92' lang='lat' dir='ltr'>duobus</span> <span class='ocrx_word' id='word_1_228' title='bbox 1184 4225 1315 4327; x_wconf 91' lang='lat' dir='ltr'>annis,</span> <span class='ocrx_word' id='word_1_229' title='bbox 1338 4237 1379 4304; x_wconf 88' lang='lat' dir='ltr'>et</span> <span class='ocrx_word' id='word_1_230' title='bbox 1403 4249 1487 4304; x_wconf 91' lang='lat' dir='ltr'>non</span> <span class='ocrx_word' id='word_1_231' title='bbox 1519 4224 1619 4330; x_wconf 93' lang='lat' dir='ltr'>plu·</span> 
     </span>
     <span class='ocr_line' id='line_1_33' title="bbox 110 4348 1622 4453; baseline 0 -23"><span class='ocrx_word' id='word_1_232' title='bbox 110 4407 115 4415; x_wconf 91' lang='lat'>-</span> <span class='ocrx_word' id='word_1_233' title='bbox 206 4350 319 4431; x_wconf 90' lang='lat' dir='ltr'>ribus</span> <span class='ocrx_word' id='word_1_234' title='bbox 362 4350 444 4431; x_wconf 90' lang='lat' dir='ltr'>vite</span> <span class='ocrx_word' id='word_1_235' title='bbox 492 4355 684 4430; x_wconf 86' lang='lat' dir='ltr'>comitem</span> <span class='ocrx_word' id='word_1_236' title='bbox 739 4373 909 4452; x_wconf 88' lang='lat' dir='ltr'>regnare</span> <span class='ocrx_word' id='word_1_237' title='bbox 951 4349 1191 4453; x_wconf 87' lang='lat' dir='ltr'>permisisti,</span> <span class='ocrx_word' id='word_1_238' title='bbox 1235 4349 1308 4430; x_wconf 90' lang='lat' dir='ltr'>sed</span> <span class='ocrx_word' id='word_1_239' title='bbox 1351 4348 1498 4427; x_wconf 87' lang='lat' dir='ltr'>acriter</span> <span class='ocrx_word' id='word_1_240' title='bbox 1541 4360 1622 4440; x_wconf 81' lang='lat' dir='ltr'>tna</span> 
     </span>
     <span class='ocr_line' id='line_1_34' title="bbox 207 4469 1619 4574; baseline 0.001 -23"><span class='ocrx_word' id='word_1_241' title='bbox 207 4475 422 4554; x_wconf 90' lang='lat' dir='ltr'>dolositate</span> <span class='ocrx_word' id='word_1_242' title='bbox 456 4489 655 4553; x_wconf 87' lang='lat' dir='ltr'>consueta</span> <span class='ocrx_word' id='word_1_243' title='bbox 687 4470 738 4551; x_wconf 89' lang='lat' dir='ltr'>de</span> <span class='ocrx_word' id='word_1_244' title='bbox 772 4470 907 4549; x_wconf 90' lang='lat' dir='ltr'>medio</span> <span class='ocrx_word' id='word_1_245' title='bbox 941 4469 1252 4574; x_wconf 87' lang='lat' dir='ltr'>regnicolarum,</span> <span class='ocrx_word' id='word_1_246' title='bbox 1282 4473 1498 4553; x_wconf 87' lang='lat' dir='ltr'>manifeste</span> <span class='ocrx_word' id='word_1_247' title='bbox 1523 4496 1619 4552; x_wconf 90' lang='lat' dir='ltr'>cer·</span> 
     </span>
     <span class='ocr_line' id='line_1_35' title="bbox 206 4593 1619 4700; baseline 0.002 -26"><span class='ocrx_word' id='word_1_248' title='bbox 206 4599 402 4679; x_wconf 84' lang='lat' dir='ltr'>uentibus</span> <span class='ocrx_word' id='word_1_249' title='bbox 444 4595 680 4676; x_wconf 85' lang='lat' dir='ltr'>felicissime</span> <span class='ocrx_word' id='word_1_250' title='bbox 728 4593 1028 4675; x_wconf 87' lang='lat' dir='ltr'>recordacionis</span> <span class='ocrx_word' id='word_1_251' title='bbox 1076 4595 1191 4700; x_wconf 90' lang='lat' dir='ltr'>pium</span> <span class='ocrx_word' id='word_1_252' title='bbox 1237 4621 1377 4700; x_wconf 89' lang='lat' dir='ltr'>regem</span> <span class='ocrx_word' id='word_1_253' title='bbox 1420 4608 1619 4677; x_wconf 88' lang='lat' dir='ltr'>nostrum</span> 
     </span>
    </p>
   </div>
   <div class='ocr_carea' id='block_1_3' title="bbox 205 4784 410 4801">
    <p class='ocr_par' dir='ltr' id='par_1_3' title="bbox 205 4784 410 4801">
     <span class='ocr_line' id='line_1_36' title="bbox 205 4784 410 4801; baseline -0.02 2"><span class='ocrx_word' id='word_1_254' title='bbox 205 4784 410 4801; x_wconf 64' lang='grc' dir='ltr'>-συ--Λ--ι-</span> 
     </span>
    </p>
   </div>
   <div class='ocr_carea' id='block_1_4' title="bbox 368 4853 806 4946">
    <p class='ocr_par' dir='ltr' id='par_1_4' title="bbox 368 4853 806 4946">
     <span class='ocr_line' id='line_1_37' title="bbox 368 4853 806 4946; baseline -0.009 -17"><span class='ocrx_word' id='word_1_255' title='bbox 368 4859 391 4946; x_wconf 79' lang='lat'>¹)</span> <span class='ocrx_word' id='word_1_256' title='bbox 415 4854 630 4933; x_wconf 81' lang='lat' dir='ltr'>Austrieuse.</span> <span class='ocrx_word' id='word_1_257' title='bbox 660 4853 737 4928; x_wconf 88' lang='lat' dir='ltr'>add.</span> <span class='ocrx_word' id='word_1_258' title='bbox 767 4862 806 4934; x_wconf 86' lang='grc' dir='ltr'>Β.</span> 
     </span>
    </p>
   </div>
   <div class='ocr_carea' id='block_1_5' title="bbox 0 0 1834 5506">
    <p class='ocr_par' dir='ltr' id='par_1_5' title="bbox 0 0 1834 5506">
     <span class='ocr_line' id='line_1_38' title="bbox 0 0 1834 5506; baseline 0 2"><span class='ocrx_word' id='word_1_259' title='bbox 0 0 1834 5506; x_wconf 95' lang='lat' dir='ltr'> </span> 
     </span>
    </p>
   </div>
  </div>
 </body>
</html>
