3592 5490
815 366 970 468 —urss

188 583 308 667 mites
341 596 553 689 magnates
594 598 634 664 et
673 582 858 691 pociores
901 584 1050 666 milites
1093 584 1332 692 captiuauit,
1366 598 1408 666 et
1440 611 1583 667 conse·

189 720 364 813 quenter
396 733 495 813 sepe
527 707 667 813 sepius
700 708 968 813 quamplures
1001 708 1209 789 exereitus
1231 707 1361 814 ipsius
1394 707 1588 791 Lodouici

189 830 427 911 debellauit.
449 828 647 909 Ciuitates
679 829 877 936 plurimas
900 829 1179 935 expugnauit,
1208 843 1249 910 et
1280 830 1427 934 grauia
1456 829 1589 911 homi·

189 951 295 1032 cirlia
337 977 606 1057 personarum
655 950 922 1057 periculaque
966 951 1099 1031 cidem
1144 951 1352 1032 Lodouico
1386 951 1590 1032 adheren-

188 1074 298 1156 tibus
331 1074 534 1177 irrogauit.
553 1071 703 1179 Sicque
738 1073 921 1179 pociores
945 1087 986 1152 et
1007 1073 1225 1155 nobiliores
1259 1073 1311 1154 ad
1343 1072 1589 1154 fidelitatem

189 1196 294 1300 regis
315 1195 523 1298 lluugaric
557 1194 742 1295 adduxit,
777 1211 817 1274 ct
851 1195 977 1301 ipsius
1012 1195 1187 1276 seruicio
1220 1195 1459 1303 applicauit
1479 1194 1593 1277 Sicut

190 1317 266 1397 hec
300 1332 340 1397 et
372 1317 451 1397 alia
473 1316 779 1422 quamplurium
812 1330 927 1421 gesta
959 1344 1035 1398 sua
1067 1332 1107 1397 et
1140 1317 1315 1399 seruicia
1349 1317 1388 1397 in
1424 1317 1593 1424 priuile-

188 1440 253 1544 gio
296 1439 422 1545 ipsius
464 1439 568 1544 regis
618 1465 743 1545 super
785 1439 1013 1520 donaciouc
1062 1453 1288 1521 castrorum
1334 1438 1512 1545 Octrogo
1556 1453 1594 1520 et

189 1560 451 1642 Chiaktoruia
492 1574 729 1642 vocatorum
774 1561 881 1641 circa
921 1561 1095 1643 lluuium
1137 1559 1278 1643 Draua
1320 1561 1593 1643 existentium

188 1684 230 1763 iu
262 1683 643 1764 remuneraciouem
670 1683 961 1790 premissorum
981 1683 1056 1765 sibi
1076 1709 1273 1764 concesso
1307 1684 1475 1789 plenius
1495 1709 1594 1764 con·

188 1805 352 1886 tinetur.
387 1806 540 1887 Gentes
574 1805 705 1885 eciam
738 1833 820 1886 serv
852 1805 985 1886 incole
1018 1806 1117 1886 dieti
1151 1804 1277 1910 regui,
1314 1831 1594 1912 quoscunque

189 1955 241 2007 cx
276 1926 470 2032 hungaris
512 1927 921 2035 comprehendebant
953 1927 1070 2008 viuos
1116 1929 1394 2028 excoriabant,
1430 1941 1473 2007 et
1506 1927 1595 2036 alys

190 2049 403 2130 tormentis
436 2049 697 2131 seuerissime
731 2049 980 2153 affligebant.

374 2324 457 2419 (De
487 2324 641 2405 reditu
667 2323 880 2405 Johanno
907 2324 1069 2426 regine
1098 2328 1146 2403 et
1171 2322 1420 2418 Lodouiohl

351 2539 447 2620 184.
485 2537 620 2618 lllerlio
662 2552 801 2618 autom
845 2550 1030 2643 tempore
1078 2537 1167 2643 ipsa
1206 2535 1398 2617 loliaurra
1439 2538 1598 2642 regina,

191 2677 231 2740 et
264 2660 470 2740 Lorlouico
504 2660 555 2739 ‹le
588 2659 764 2739 Tarento
798 2660 887 2740 eius
921 2659 1068 2739 marito
1103 2661 1140 2738 in
1167 2658 1381 2765 Neapolim
1415 2659 1600 2740 redeuu-

191 2783 373 2881 lib1m,ct
405 2809 577 2885 reguum
611 2781 688 2862 sibi
721 2783 941 2887 subiugare
976 2781 1214 2882 nitentibus,
1234 2781 1321 2887 ipsc
1354 2779 1595 2887 Stephanus

190 2905 382 3012 voyuorla
414 2904 569 2985 dictum
605 2930 742 3008 regem
784 2903 993 3008 llungarie
1027 2903 1077 2983 ad
1112 2903 1418 2984 defendendum
1454 2903 1594 3010 ipsum

190 3053 362 3131 reguum
398 3040 539 3107 contra
572 3026 682 3132 ipsos
716 3027 917 3106 euocauit.

296 3300 378 3402 (Dc
404 3299 606 3382 secundo
632 3300 823 3381 introitu
843 3300 970 3402 regie
996 3300 1043 3377 in
1069 3321 1266 3402 regnum
1288 3297 1488 3402 Apulis.)

351 3515 448 3595 185.
483 3512 562 3609 Qui
606 3513 773 3619 quidem
819 3512 1013 3593 domiuus
1056 3540 1129 3592 rex
1163 3512 1251 3593 sine
1295 3511 1433 3617 aliqua
1466 3526 1595 3594 retar-

192 3635 374 3739 dacioue,
410 3663 487 3717 uec
520 3647 742 3743 expectata
775 3635 982 3716 exercitus
1016 3633 1350 3739 congregacione,
1370 3661 1465 3715 cum
1502 3636 1595 3742 qui·

190 3758 366 3841 busdam
401 3759 486 3840 suis
518 3758 742 3839 baronibus
766 3772 806 3838 et
826 3757 1025 3838 militibus
1057 3757 1163 3836 iuter
1195 3783 1299 3862 quos
1333 3768 1448 3836 erant
1480 3758 1595 3863 prin-

192 3882 365 3987 cipales:
406 3880 598 3961 Nicolaus
644 3880 767 3987 (ooo)
810 3879 917 3960 lilius
960 3879 1096 3986 Gyleti
1140 3877 1357 3984 palatinus,
1391 3905 1487 3959 cum
1520 3879 1597 3959 lo·

191 4004 328 4084 hanne
363 4016 403 4083 et
434 4001 653 4083 Dominico
697 4001 895 4082 militibus
928 4000 1020 4107 lilys
1064 4000 1159 4100 suis,
1194 4026 1242 4079 ac
1273 3999 1464 4080 <Iohanne
1509 4000 1595 4082 filio

192 4125 328 4233 Gyleti
360 4126 482 4204 fratre
520 4150 607 4224 sue,
642 4124 737 4203 item
782 4122 1017 4229 Stephanus
1052 4136 1092 4202 et
1133 4121 1332 4224 Georgius
1374 4122 1443 4229 fily
1478 4122 1598 4204 Bew·

192 4246 285 4349 beli,
320 4246 512 4328 Nicolaus
545 4247 597 4325 cle
629 4245 748 4344 Zech,
770 4245 917 4352 Kouya
948 4244 1055 4324 filius
1088 4243 1245 4323 'l'home
1278 4245 1485 4351 voyuorle3
1510 4248 1598 4324 hn-

193 4370 311 4452 dreas
333 4369 525 4475 voyuoda
559 4395 654 4448 cum
688 4367 879 4449 fratribus
912 4367 996 4448 suis
1029 4365 1209 4464 Nicolao,
1229 4367 1366 4468 Paulo,
1388 4364 1598 4446 Michaele

191 4490 344 4572 Lachk.
377 4490 479 4570 ltem
516 4516 567 4568 ex
603 4488 768 4596 prelatis
812 4488 1066 4570 reuerendus
1101 4489 1141 4566 iu
1174 4487 1333 4569 Cluisto
1372 4503 1489 4594 pater
1522 4489 1598 4570 ‹lo-

192 4613 331 4694 minus
364 4612 557 4693 Nicolaus
591 4611 811 4717 episeopus
842 4610 1136 4716 Zagrabieusis,
1159 4609 1229 4715 qui
1262 4610 1340 4689 fuit
1371 4609 1429 4690 ibi
1461 4609 1503 4689 in
1539 4612 1598 4691 ci·

192 4735 321 4815 uitate
354 4736 570 4815 Auersaua
602 4733 642 4813 in
676 4732 919 4841 episcopum
953 4746 1226 4813 consecratus.
1263 4731 1315 4811 Et
1347 4732 1598 4816 venerabilis

193 4857 254 4937 rir
296 4856 488 4937 dominus
532 4854 767 4962 Stephanus
810 4855 1043 4963 prepositus
1087 4853 1291 4936 Budeusis
1332 4881 1427 4934 cum
1469 4855 1598 4937 fratre
