<?xml version="1.0" encoding="UTF-8"?>
<!DOCTYPE html PUBLIC "-//W3C//DTD XHTML 1.0 Transitional//EN"
    "http://www.w3.org/TR/xhtml1/DTD/xhtml1-transitional.dtd">
<html xmlns="http://www.w3.org/1999/xhtml" xml:lang="en" lang="en">
 <head>
  <title>
</title>
<meta http-equiv="Content-Type" content="text/html;charset=utf-8" />
  <meta name='ocr-system' content='tesseract 3.04.00' />
  <meta name='ocr-capabilities' content='ocr_page ocr_carea ocr_par ocr_line ocrx_word'/>
</head>
<body>
  <div class='ocr_page' id='page_1' title='image "./chronicondubnic00florgoog_0027.png"; bbox 0 0 3592 5490; ppageno 0'>
   <div class='ocr_carea' id='block_1_1' title="bbox 866 343 907 412">
    <p class='ocr_par' dir='ltr' id='par_1_1' title="bbox 866 343 907 412">
     <span class='ocr_line' id='line_1_1' title="bbox 866 343 907 412; baseline 0.024 -1"><span class='ocrx_word' id='word_1_1' title='bbox 866 343 907 412; x_wconf 76' lang='lat'>12</span> 
     </span>
    </p>
   </div>
   <div class='ocr_carea' id='block_1_2' title="bbox 140 549 1599 4225">
    <p class='ocr_par' dir='ltr' id='par_1_2' title="bbox 140 549 1588 668">
     <span class='ocr_line' id='line_1_2' title="bbox 140 549 1588 668; baseline 0 -29"><span class='ocrx_word' id='word_1_2' title='bbox 140 649 145 655; x_wconf 54' lang='grc'>,</span> <span class='ocrx_word' id='word_1_3' title='bbox 345 549 385 639; x_wconf 85' lang='grc'>7.</span> <span class='ocrx_word' id='word_1_4' title='bbox 417 552 541 639; x_wconf 84' lang='lat' dir='ltr'>Anno</span> <span class='ocrx_word' id='word_1_5' title='bbox 573 559 626 640; x_wconf 89' lang='lat' dir='ltr'>ab</span> <span class='ocrx_word' id='word_1_6' title='bbox 659 558 947 644; x_wconf 85' lang='lat' dir='ltr'>incarnacione</span> <span class='ocrx_word' id='word_1_7' title='bbox 985 561 1141 643; x_wconf 91' lang='lat' dir='ltr'>domini</span> <span class='ocrx_word' id='word_1_8' title='bbox 1184 559 1588 668; x_wconf 85' lang='lat' dir='ltr'>quadringentesimo</span> 
     </span>
    </p>

    <p class='ocr_par' dir='ltr' id='par_1_3' title="bbox 188 677 1599 4225">
     <span class='ocr_line' id='line_1_3' title="bbox 188 677 1588 790; baseline 0.004 -32"><span class='ocrx_word' id='word_1_9' title='bbox 188 677 333 788; x_wconf 82' lang='lat' dir='ltr'>primo,</span> <span class='ocrx_word' id='word_1_10' title='bbox 366 680 419 762; x_wconf 87' lang='lat' dir='ltr'>ab</span> <span class='ocrx_word' id='word_1_11' title='bbox 451 681 638 787; x_wconf 82' lang='lat' dir='ltr'>ingressu</span> <span class='ocrx_word' id='word_1_12' title='bbox 670 709 768 765; x_wconf 86' lang='lat' dir='ltr'>vero</span> <span class='ocrx_word' id='word_1_13' title='bbox 805 686 1084 790; x_wconf 77' lang='lat' dir='ltr'>hungarorum</span> <span class='ocrx_word' id='word_1_14' title='bbox 1119 685 1160 764; x_wconf 91' lang='lat' dir='ltr'>iu</span> <span class='ocrx_word' id='word_1_15' title='bbox 1193 683 1446 764; x_wconf 88' lang='lat' dir='ltr'>Pannoniam</span> <span class='ocrx_word' id='word_1_16' title='bbox 1480 709 1588 764; x_wconf 83' lang='lat' dir='ltr'>arrno</span> 
     </span>
     <span class='ocr_line' id='line_1_4' title="bbox 188 800 1589 911; baseline 0.001 -27"><span class='ocrx_word' id='word_1_17' title='bbox 188 801 388 907; x_wconf 77' lang='lat' dir='ltr'>vigesimo</span> <span class='ocrx_word' id='word_1_18' title='bbox 421 801 609 911; x_wconf 84' lang='lat' dir='ltr'>octav0¹)</span> <span class='ocrx_word' id='word_1_19' title='bbox 633 804 804 911; x_wconf 81' lang='lat' dir='ltr'>hungari</span> <span class='ocrx_word' id='word_1_20' title='bbox 840 808 928 890; x_wconf 89' lang='lat' dir='ltr'>sine</span> <span class='ocrx_word' id='word_1_21' title='bbox 960 807 1062 887; x_wconf 94' lang='lat' dir='ltr'>huni</span> <span class='ocrx_word' id='word_1_22' title='bbox 1095 807 1312 886; x_wconf 76' lang='lat' dir='ltr'>concordie</span> <span class='ocrx_word' id='word_1_23' title='bbox 1336 800 1589 911; x_wconf 82' lang='lat' dir='ltr'>rolurrtate²)</span> 
     </span>
     <span class='ocr_line' id='line_1_5' title="bbox 188 919 1589 1033; baseline 0.001 -27"><span class='ocrx_word' id='word_1_24' title='bbox 188 939 289 1006; x_wconf 89' lang='lat' dir='ltr'>tunc</span> <span class='ocrx_word' id='word_1_25' title='bbox 321 919 531 1033; x_wconf 81' lang='lat' dir='ltr'>Atylam³)</span> <span class='ocrx_word' id='word_1_26' title='bbox 565 925 696 1009; x_wconf 91' lang='lat' dir='ltr'>filium</span> <span class='ocrx_word' id='word_1_27' title='bbox 738 929 960 1010; x_wconf 81' lang='lat' dir='ltr'>Bendelruz</span> <span class='ocrx_word' id='word_1_28' title='bbox 993 928 1293 1011; x_wconf 86' lang='lat' dir='ltr'>consuetudine</span> <span class='ocrx_word' id='word_1_29' title='bbox 1326 953 1589 1009; x_wconf 91' lang='lat' dir='ltr'>romanorum</span> 
     </span>
     <span class='ocr_line' id='line_1_6' title="bbox 189 1051 1590 1159; baseline 0.001 -29"><span class='ocrx_word' id='word_1_30' title='bbox 189 1073 391 1155; x_wconf 88' lang='lat' dir='ltr'>superse</span> <span class='ocrx_word' id='word_1_31' title='bbox 434 1074 571 1154; x_wconf 81' lang='lat' dir='ltr'>regem</span> <span class='ocrx_word' id='word_1_32' title='bbox 617 1051 891 1158; x_wconf 82' lang='lat' dir='ltr'>prefecerunt,</span> <span class='ocrx_word' id='word_1_33' title='bbox 925 1054 995 1159; x_wconf 93' lang='lat' dir='ltr'>qui</span> <span class='ocrx_word' id='word_1_34' title='bbox 1029 1053 1161 1159; x_wconf 90' lang='lat' dir='ltr'>primo</span> <span class='ocrx_word' id='word_1_35' title='bbox 1205 1077 1310 1132; x_wconf 83' lang='lat' dir='ltr'>rmus</span> <span class='ocrx_word' id='word_1_36' title='bbox 1352 1052 1403 1131; x_wconf 92' lang='lat' dir='ltr'>de</span> <span class='ocrx_word' id='word_1_37' title='bbox 1437 1052 1590 1158; x_wconf 83' lang='lat' dir='ltr'>capita·</span> 
     </span>
     <span class='ocr_line' id='line_1_7' title="bbox 189 1169 1591 1282; baseline 0.002 -31"><span class='ocrx_word' id='word_1_38' title='bbox 189 1170 278 1254; x_wconf 82' lang='lat' dir='ltr'>nais</span> <span class='ocrx_word' id='word_1_39' title='bbox 310 1169 554 1274; x_wconf 86' lang='lat' dir='ltr'>habebatur,</span> <span class='ocrx_word' id='word_1_40' title='bbox 588 1189 629 1254; x_wconf 91' lang='lat' dir='ltr'>et</span> <span class='ocrx_word' id='word_1_41' title='bbox 660 1174 748 1282; x_wconf 90' lang='lat' dir='ltr'>ipse</span> <span class='ocrx_word' id='word_1_42' title='bbox 781 1175 940 1258; x_wconf 90' lang='lat' dir='ltr'>Budam</span> <span class='ocrx_word' id='word_1_43' title='bbox 982 1176 1149 1258; x_wconf 81' lang='lat' dir='ltr'>fratrem</span> <span class='ocrx_word' id='word_1_44' title='bbox 1181 1201 1305 1256; x_wconf 91' lang='lat' dir='ltr'>suum</span> <span class='ocrx_word' id='word_1_45' title='bbox 1338 1174 1394 1269; x_wconf 55' lang='lat' dir='ltr'>de⁸</span> <span class='ocrx_word' id='word_1_46' title='bbox 1421 1174 1591 1255; x_wconf 89' lang='lat' dir='ltr'>flumine</span> 
     </span>
     <span class='ocr_line' id='line_1_8' title="bbox 189 1287 1592 1406; baseline 0.002 -32"><span class='ocrx_word' id='word_1_47' title='bbox 189 1287 378 1404; x_wconf 80' lang='lat' dir='ltr'>Tyscie⁴)</span> <span class='ocrx_word' id='word_1_48' title='bbox 411 1321 546 1402; x_wconf 91' lang='lat' dir='ltr'>usque</span> <span class='ocrx_word' id='word_1_49' title='bbox 578 1295 672 1377; x_wconf 92' lang='lat' dir='ltr'>Don</span> <span class='ocrx_word' id='word_1_50' title='bbox 706 1298 935 1406; x_wconf 87' lang='lat' dir='ltr'>principem</span> <span class='ocrx_word' id='word_1_51' title='bbox 964 1297 1177 1381; x_wconf 89' lang='lat' dir='ltr'>constituit</span> <span class='ocrx_word' id='word_1_52' title='bbox 1208 1323 1256 1377; x_wconf 93' lang='lat' dir='ltr'>ac</span> <span class='ocrx_word' id='word_1_53' title='bbox 1288 1309 1501 1399; x_wconf 83' lang='lat' dir='ltr'>rectorem,</span> <span class='ocrx_word' id='word_1_54' title='bbox 1522 1324 1592 1379; x_wconf 85' lang='lat' dir='ltr'>vo·</span> 
     </span>
     <span class='ocr_line' id='line_1_9' title="bbox 190 1417 1591 1526; baseline 0.001 -29"><span class='ocrx_word' id='word_1_55' title='bbox 190 1417 358 1525; x_wconf 91' lang='lat' dir='ltr'>carique</span> <span class='ocrx_word' id='word_1_56' title='bbox 391 1444 435 1499; x_wconf 89' lang='lat' dir='ltr'>se</span> <span class='ocrx_word' id='word_1_57' title='bbox 468 1418 623 1502; x_wconf 89' lang='lat' dir='ltr'>faciens</span> <span class='ocrx_word' id='word_1_58' title='bbox 657 1446 795 1526; x_wconf 85' lang='lat' dir='ltr'>regem</span> <span class='ocrx_word' id='word_1_59' title='bbox 829 1421 1107 1526; x_wconf 82' lang='lat' dir='ltr'>hungarorum</span> <span class='ocrx_word' id='word_1_60' title='bbox 1132 1432 1288 1499; x_wconf 88' lang='lat' dir='ltr'>metum</span> <span class='ocrx_word' id='word_1_61' title='bbox 1312 1420 1420 1501; x_wconf 89' lang='lat' dir='ltr'>orbis</span> <span class='ocrx_word' id='word_1_62' title='bbox 1453 1419 1591 1524; x_wconf 81' lang='lat' dir='ltr'>flagel-</span> 
     </span>
     <span class='ocr_line' id='line_1_10' title="bbox 191 1537 1592 1650; baseline 0.001 -30"><span class='ocrx_word' id='word_1_63' title='bbox 191 1539 278 1621; x_wconf 88' lang='lat' dir='ltr'>lum</span> <span class='ocrx_word' id='word_1_64' title='bbox 322 1537 413 1622; x_wconf 84' lang='lat' dir='ltr'>Dei.</span> <span class='ocrx_word' id='word_1_65' title='bbox 451 1537 542 1648; x_wconf 81' lang='lat' dir='ltr'>(la)</span> <span class='ocrx_word' id='word_1_66' title='bbox 585 1541 769 1625; x_wconf 87' lang='lat' dir='ltr'>Titulum</span> <span class='ocrx_word' id='word_1_67' title='bbox 815 1543 1018 1650; x_wconf 89' lang='lat' dir='ltr'>siquidem</span> <span class='ocrx_word' id='word_1_68' title='bbox 1063 1570 1185 1625; x_wconf 89' lang='lat' dir='ltr'>snum</span> <span class='ocrx_word' id='word_1_69' title='bbox 1229 1540 1299 1622; x_wconf 89' lang='lat' dir='ltr'>tali</span> <span class='ocrx_word' id='word_1_70' title='bbox 1342 1542 1420 1622; x_wconf 89' lang='lat' dir='ltr'>sub</span> <span class='ocrx_word' id='word_1_71' title='bbox 1460 1543 1592 1622; x_wconf 75' lang='lat' dir='ltr'>torma</span> 
     </span>
     <span class='ocr_line' id='line_1_11' title="bbox 191 1659 1592 1773; baseline -0.001 -28"><span class='ocrx_word' id='word_1_72' title='bbox 191 1663 316 1745; x_wconf 86' lang='lat' dir='ltr'>scribi</span> <span class='ocrx_word' id='word_1_73' title='bbox 355 1661 598 1773; x_wconf 84' lang='lat' dir='ltr'>faciebat⁵):</span> <span class='ocrx_word' id='word_1_74' title='bbox 640 1666 751 1748; x_wconf 86' lang='lat' dir='ltr'>Atila</span> <span class='ocrx_word' id='word_1_75' title='bbox 794 1668 861 1748; x_wconf 89' lang='lat' dir='ltr'>dei</span> <span class='ocrx_word' id='word_1_76' title='bbox 902 1666 1037 1773; x_wconf 85' lang='lat' dir='ltr'>gracia</span> <span class='ocrx_word' id='word_1_77' title='bbox 1078 1664 1186 1747; x_wconf 88' lang='lat' dir='ltr'>filins</span> <span class='ocrx_word' id='word_1_78' title='bbox 1229 1659 1487 1771; x_wconf 59' lang='lat' dir='ltr'>Benelrnff),</span> <span class='ocrx_word' id='word_1_79' title='bbox 1521 1664 1592 1771; x_wconf 88' lang='lat' dir='ltr'>qni</span> 
     </span>
     <span class='ocr_line' id='line_1_12' title="bbox 192 1782 1591 1897; baseline 0 -30"><span class='ocrx_word' id='word_1_80' title='bbox 192 1782 296 1894; x_wconf 84' lang='lat' dir='ltr'>est⁷)</span> <span class='ocrx_word' id='word_1_81' title='bbox 337 1786 516 1869; x_wconf 89' lang='lat' dir='ltr'>nutritus</span> <span class='ocrx_word' id='word_1_82' title='bbox 556 1788 598 1868; x_wconf 94' lang='lat' dir='ltr'>in</span> <span class='ocrx_word' id='word_1_83' title='bbox 640 1787 838 1895; x_wconf 81' lang='lat' dir='ltr'>Engaddi,</span> <span class='ocrx_word' id='word_1_84' title='bbox 879 1816 1009 1897; x_wconf 89' lang='lat' dir='ltr'>nepos</span> <span class='ocrx_word' id='word_1_85' title='bbox 1053 1788 1190 1892; x_wconf 83' lang='lat' dir='ltr'>magni</span> <span class='ocrx_word' id='word_1_86' title='bbox 1231 1786 1476 1895; x_wconf 86' lang='lat' dir='ltr'>Nernproth,</span> <span class='ocrx_word' id='word_1_87' title='bbox 1517 1814 1591 1867; x_wconf 86' lang='lat' dir='ltr'>rex</span> 
     </span>
     <span class='ocr_line' id='line_1_13' title="bbox 193 1903 1592 2016; baseline 0.001 -26"><span class='ocrx_word' id='word_1_88' title='bbox 193 1908 470 2014; x_wconf 83' lang='lat' dir='ltr'>hungarorum</span> <span class='ocrx_word' id='word_1_89' title='bbox 481 1903 513 2016; x_wconf 84' lang='grc'>8)</span> <span class='ocrx_word' id='word_1_90' title='bbox 556 1910 773 1993; x_wconf 87' lang='lat' dir='ltr'>medorum</span> <span class='ocrx_word' id='word_1_91' title='bbox 816 1912 1023 1994; x_wconf 91' lang='lat' dir='ltr'>dariornm</span> <span class='ocrx_word' id='word_1_92' title='bbox 1066 1924 1107 1990; x_wconf 90' lang='lat' dir='ltr'>et</span> <span class='ocrx_word' id='word_1_93' title='bbox 1146 1909 1363 2015; x_wconf 80' lang='lat' dir='ltr'>gothorum</span> <span class='ocrx_word' id='word_1_94' title='bbox 1375 1906 1418 2016; x_wconf 83' lang='lat'>⁹),</span> <span class='ocrx_word' id='word_1_95' title='bbox 1455 1925 1592 1991; x_wconf 89' lang='lat' dir='ltr'>metus</span> 
     </span>
     <span class='ocr_line' id='line_1_14' title="bbox 193 2027 1592 2138; baseline 0.001 -27"><span class='ocrx_word' id='word_1_96' title='bbox 193 2031 302 2114; x_wconf 91' lang='lat' dir='ltr'>orbis</span> <span class='ocrx_word' id='word_1_97' title='bbox 335 2043 440 2112; x_wconf 86' lang='lat' dir='ltr'>terre</span> <span class='ocrx_word' id='word_1_98' title='bbox 474 2045 516 2112; x_wconf 90' lang='lat' dir='ltr'>et</span> <span class='ocrx_word' id='word_1_99' title='bbox 546 2031 753 2138; x_wconf 87' lang='lat' dir='ltr'>flagellum</span> <span class='ocrx_word' id='word_1_100' title='bbox 781 2036 858 2118; x_wconf 90' lang='lat' dir='ltr'>dei.</span> <span class='ocrx_word' id='word_1_101' title='bbox 879 2035 977 2116; x_wconf 86' lang='lat' dir='ltr'>Erat</span> <span class='ocrx_word' id='word_1_102' title='bbox 999 2034 1107 2114; x_wconf 88' lang='lat' dir='ltr'>enirn</span> <span class='ocrx_word' id='word_1_103' title='bbox 1141 2060 1214 2113; x_wconf 85' lang='lat' dir='ltr'>rex</span> <span class='ocrx_word' id='word_1_104' title='bbox 1250 2027 1423 2138; x_wconf 82' lang='lat' dir='ltr'>Atila¹⁰)</span> <span class='ocrx_word' id='word_1_105' title='bbox 1458 2034 1592 2112; x_wconf 84' lang='lat' dir='ltr'>colore</span> 
     </span>
     <span class='ocr_line' id='line_1_15' title="bbox 192 2153 1591 2263; baseline 0 -28"><span class='ocrx_word' id='word_1_106' title='bbox 192 2167 308 2255; x_wconf 89' lang='lat' dir='ltr'>teter,</span> <span class='ocrx_word' id='word_1_107' title='bbox 343 2153 471 2236; x_wconf 89' lang='lat' dir='ltr'>oculis</span> <span class='ocrx_word' id='word_1_108' title='bbox 503 2155 693 2262; x_wconf 88' lang='lat' dir='ltr'>furiosus,</span> <span class='ocrx_word' id='word_1_109' title='bbox 728 2159 860 2242; x_wconf 87' lang='lat' dir='ltr'>elatus</span> <span class='ocrx_word' id='word_1_110' title='bbox 895 2159 1069 2254; x_wconf 87' lang='lat' dir='ltr'>incessu,</span> <span class='ocrx_word' id='word_1_111' title='bbox 1103 2173 1269 2263; x_wconf 86' lang='lat' dir='ltr'>pectore</span> <span class='ocrx_word' id='word_1_112' title='bbox 1304 2155 1397 2254; x_wconf 85' lang='lat' dir='ltr'>lato,</span> <span class='ocrx_word' id='word_1_113' title='bbox 1420 2156 1591 2236; x_wconf 87' lang='lat' dir='ltr'>barbam</span> 
     </span>
     <span class='ocr_line' id='line_1_16' title="bbox 193 2276 1592 2386; baseline -0.001 -28"><span class='ocrx_word' id='word_1_114' title='bbox 193 2277 397 2386; x_wconf 83' lang='lat' dir='ltr'>prolixam</span> <span class='ocrx_word' id='word_1_115' title='bbox 431 2276 655 2383; x_wconf 78' lang='lat' dir='ltr'>deferebat,</span> <span class='ocrx_word' id='word_1_116' title='bbox 679 2308 882 2366; x_wconf 82' lang='lat' dir='ltr'>venereus</span> <span class='ocrx_word' id='word_1_117' title='bbox 914 2279 1043 2361; x_wconf 89' lang='lat' dir='ltr'>eciam</span> <span class='ocrx_word' id='word_1_118' title='bbox 1080 2293 1166 2359; x_wconf 86' lang='lat' dir='ltr'>erat</span> <span class='ocrx_word' id='word_1_119' title='bbox 1197 2278 1305 2359; x_wconf 88' lang='lat' dir='ltr'>ultra</span> <span class='ocrx_word' id='word_1_120' title='bbox 1337 2278 1519 2359; x_wconf 90' lang='lat' dir='ltr'>modurn.</span> <span class='ocrx_word' id='word_1_121' title='bbox 1546 2278 1592 2358; x_wconf 91' lang='lat' dir='ltr'>ln</span> 
     </span>
     <span class='ocr_line' id='line_1_17' title="bbox 193 2400 1593 2514; baseline -0.001 -33"><span class='ocrx_word' id='word_1_122' title='bbox 193 2427 289 2481; x_wconf 89' lang='lat' dir='ltr'>arca</span> <span class='ocrx_word' id='word_1_123' title='bbox 322 2425 397 2482; x_wconf 88' lang='lat' dir='ltr'>sna</span> <span class='ocrx_word' id='word_1_124' title='bbox 430 2426 473 2480; x_wconf 90' lang='lat' dir='ltr'>es</span> <span class='ocrx_word' id='word_1_125' title='bbox 507 2400 659 2483; x_wconf 88' lang='lat' dir='ltr'>habere</span> <span class='ocrx_word' id='word_1_126' title='bbox 701 2403 1036 2514; x_wconf 85' lang='lat' dir='ltr'>contempnebat,</span> <span class='ocrx_word' id='word_1_127' title='bbox 1070 2401 1242 2482; x_wconf 82' lang='lat' dir='ltr'>audacie</span> <span class='ocrx_word' id='word_1_128' title='bbox 1287 2401 1453 2506; x_wconf 83' lang='lat' dir='ltr'>quidem</span> <span class='ocrx_word' id='word_1_129' title='bbox 1489 2416 1593 2481; x_wconf 89' lang='lat' dir='ltr'>tem·</span> 
     </span>
     <span class='ocr_line' id='line_1_18' title="bbox 193 2522 1593 2638; baseline 0.001 -37"><span class='ocrx_word' id='word_1_130' title='bbox 193 2534 349 2630; x_wconf 78' lang='lat' dir='ltr'>parate,</span> <span class='ocrx_word' id='word_1_131' title='bbox 368 2522 646 2606; x_wconf 86' lang='lat' dir='ltr'>astutissimus</span> <span class='ocrx_word' id='word_1_132' title='bbox 680 2529 718 2609; x_wconf 92' lang='lat' dir='ltr'>in</span> <span class='ocrx_word' id='word_1_133' title='bbox 748 2529 884 2638; x_wconf 78' lang='lat' dir='ltr'>prelys</span> <span class='ocrx_word' id='word_1_134' title='bbox 911 2554 960 2610; x_wconf 87' lang='lat' dir='ltr'>ac</span> <span class='ocrx_word' id='word_1_135' title='bbox 987 2524 1197 2621; x_wconf 84' lang='lat' dir='ltr'>sollicitus,</span> <span class='ocrx_word' id='word_1_136' title='bbox 1216 2523 1462 2602; x_wconf 79' lang='lat' dir='ltr'>fortitudinis</span> <span class='ocrx_word' id='word_1_137' title='bbox 1496 2549 1593 2601; x_wconf 85' lang='lat' dir='ltr'>eon-</span> 
     </span>
     <span class='ocr_line' id='line_1_19' title="bbox 194 2644 1593 2754; baseline -0.001 -28"><span class='ocrx_word' id='word_1_138' title='bbox 194 2644 373 2753; x_wconf 82' lang='lat' dir='ltr'>petentis</span> <span class='ocrx_word' id='word_1_139' title='bbox 405 2671 481 2727; x_wconf 91' lang='lat' dir='ltr'>sno</span> <span class='ocrx_word' id='word_1_140' title='bbox 515 2672 684 2754; x_wconf 87' lang='lat' dir='ltr'>corpore</span> <span class='ocrx_word' id='word_1_141' title='bbox 718 2650 959 2733; x_wconf 73' lang='lat' dir='ltr'>habebatur.</span> <span class='ocrx_word' id='word_1_142' title='bbox 979 2649 1022 2729; x_wconf 93' lang='lat' dir='ltr'>ln</span> <span class='ocrx_word' id='word_1_143' title='bbox 1049 2647 1260 2726; x_wconf 80' lang='lat' dir='ltr'>voluntate</span> <span class='ocrx_word' id='word_1_144' title='bbox 1295 2646 1593 2749; x_wconf 75' lang='lat' dir='ltr'>maguauiuum,</span> 
     </span>
     <span class='ocr_line' id='line_1_20' title="bbox 194 2767 1594 2874; baseline -0.002 -25"><span class='ocrx_word' id='word_1_145' title='bbox 194 2768 319 2849; x_wconf 88' lang='lat' dir='ltr'>armis</span> <span class='ocrx_word' id='word_1_146' title='bbox 353 2767 502 2874; x_wconf 88' lang='lat' dir='ltr'>politis,</span> <span class='ocrx_word' id='word_1_147' title='bbox 521 2772 687 2855; x_wconf 86' lang='lat' dir='ltr'>mundis</span> <span class='ocrx_word' id='word_1_148' title='bbox 709 2773 988 2856; x_wconf 88' lang='lat' dir='ltr'>tabernaculis</span> <span class='ocrx_word' id='word_1_149' title='bbox 1010 2768 1209 2874; x_wconf 87' lang='lat' dir='ltr'>cultuque</span> <span class='ocrx_word' id='word_1_150' title='bbox 1243 2768 1447 2848; x_wconf 88' lang='lat' dir='ltr'>utebatur.</span> <span class='ocrx_word' id='word_1_151' title='bbox 1467 2767 1594 2848; x_wconf 86' lang='lat' dir='ltr'>hma-</span> 
     </span>
     <span class='ocr_line' id='line_1_21' title="bbox 194 2888 1594 2996; baseline -0.003 -23"><span class='ocrx_word' id='word_1_152' title='bbox 194 2891 318 2973; x_wconf 88' lang='lat' dir='ltr'>batur</span> <span class='ocrx_word' id='word_1_153' title='bbox 348 2888 551 2996; x_wconf 89' lang='lat' dir='ltr'>siqnidem</span> <span class='ocrx_word' id='word_1_154' title='bbox 587 2896 639 2976; x_wconf 85' lang='lat' dir='ltr'>ab</span> <span class='ocrx_word' id='word_1_155' title='bbox 674 2908 873 2978; x_wconf 81' lang='lat' dir='ltr'>extranea</span> <span class='ocrx_word' id='word_1_156' title='bbox 907 2896 1093 2992; x_wconf 84' lang='lat' dir='ltr'>nacione,</span> <span class='ocrx_word' id='word_1_157' title='bbox 1127 2917 1175 2969; x_wconf 89' lang='lat' dir='ltr'>eo</span> <span class='ocrx_word' id='word_1_158' title='bbox 1209 2889 1318 2996; x_wconf 84' lang='lat' dir='ltr'>qumi</span> <span class='ocrx_word' id='word_1_159' title='bbox 1354 2902 1461 2972; x_wconf 86' lang='lat' dir='ltr'>esset</span> <span class='ocrx_word' id='word_1_160' title='bbox 1493 2890 1594 2972; x_wconf 87' lang='lat' dir='ltr'>libe·</span> 
     </span>
     <span class='ocr_line' id='line_1_22' title="bbox 194 3007 1595 3119; baseline -0.001 -25"><span class='ocrx_word' id='word_1_161' title='bbox 194 3013 289 3095; x_wconf 89' lang='lat' dir='ltr'>ralis</span> <span class='ocrx_word' id='word_1_162' title='bbox 323 3024 364 3092; x_wconf 90' lang='lat' dir='ltr'>et</span> <span class='ocrx_word' id='word_1_163' title='bbox 405 3016 659 3118; x_wconf 84' lang='lat' dir='ltr'>communis3</span> <span class='ocrx_word' id='word_1_164' title='bbox 693 3046 745 3098; x_wconf 81' lang='lat' dir='ltr'>ex</span> <span class='ocrx_word' id='word_1_165' title='bbox 787 3034 932 3101; x_wconf 88' lang='lat' dir='ltr'>natura</span> <span class='ocrx_word' id='word_1_166' title='bbox 965 3042 1062 3099; x_wconf 80' lang='lat' dir='ltr'>vero</span> <span class='ocrx_word' id='word_1_167' title='bbox 1104 3013 1367 3094; x_wconf 87' lang='lat' dir='ltr'>serenitatem</span> <span class='ocrx_word' id='word_1_168' title='bbox 1404 3007 1595 3119; x_wconf 79' lang='lat' dir='ltr'>quam¹¹&gt;</span> 
     </span>
     <span class='ocr_line' id='line_1_23' title="bbox 196 3134 1594 3248; baseline 0 -33"><span class='ocrx_word' id='word_1_169' title='bbox 196 3136 388 3235; x_wconf 88' lang='lat' dir='ltr'>hahebat,</span> <span class='ocrx_word' id='word_1_170' title='bbox 412 3135 651 3221; x_wconf 88' lang='lat' dir='ltr'>mirabiliter</span> <span class='ocrx_word' id='word_1_171' title='bbox 682 3136 871 3248; x_wconf 86' lang='lat' dir='ltr'>etiam¹²)</span> <span class='ocrx_word' id='word_1_172' title='bbox 905 3167 927 3222; x_wconf 91' lang='lat' dir='ltr'>a</span> <span class='ocrx_word' id='word_1_173' title='bbox 960 3140 1046 3222; x_wconf 89' lang='lat' dir='ltr'>suis</span> <span class='ocrx_word' id='word_1_174' title='bbox 1077 3136 1311 3217; x_wconf 76' lang='lat' dir='ltr'>timebatur.</span> <span class='ocrx_word' id='word_1_175' title='bbox 1344 3134 1594 3240; x_wconf 84' lang='lat' dir='ltr'>Lingnarum</span> 
     </span>
     <span class='ocr_line' id='line_1_24' title="bbox 197 3256 1594 3364; baseline -0.001 -26"><span class='ocrx_word' id='word_1_176' title='bbox 197 3257 373 3364; x_wconf 87' lang='lat' dir='ltr'>ideoque</span> <span class='ocrx_word' id='word_1_177' title='bbox 405 3256 663 3343; x_wconf 87' lang='lat' dir='ltr'>diuersarum</span> <span class='ocrx_word' id='word_1_178' title='bbox 682 3263 876 3346; x_wconf 79' lang='lat' dir='ltr'>naciones</span> <span class='ocrx_word' id='word_1_179' title='bbox 894 3263 945 3343; x_wconf 85' lang='lat' dir='ltr'>de</span> <span class='ocrx_word' id='word_1_180' title='bbox 978 3261 1129 3343; x_wconf 88' lang='lat' dir='ltr'>finibus</span> <span class='ocrx_word' id='word_1_181' title='bbox 1149 3258 1257 3339; x_wconf 89' lang='lat' dir='ltr'>orbis</span> <span class='ocrx_word' id='word_1_182' title='bbox 1275 3269 1380 3337; x_wconf 89' lang='lat' dir='ltr'>terre</span> <span class='ocrx_word' id='word_1_183' title='bbox 1413 3257 1462 3337; x_wconf 89' lang='lat' dir='ltr'>ad</span> <span class='ocrx_word' id='word_1_184' title='bbox 1499 3285 1594 3339; x_wconf 90' lang='lat' dir='ltr'>enm</span> 
     </span>
     <span class='ocr_line' id='line_1_25' title="bbox 197 3378 1597 3493; baseline -0.001 -34"><span class='ocrx_word' id='word_1_185' title='bbox 197 3378 472 3480; x_wconf 86' lang='lat' dir='ltr'>continebant,</span> <span class='ocrx_word' id='word_1_186' title='bbox 492 3383 644 3489; x_wconf 90' lang='lat' dir='ltr'>quibus</span> <span class='ocrx_word' id='word_1_187' title='bbox 678 3384 900 3468; x_wconf 88' lang='lat' dir='ltr'>liberaliter</span> <span class='ocrx_word' id='word_1_188' title='bbox 926 3411 999 3493; x_wconf 92' lang='lat' dir='ltr'>pro</span> <span class='ocrx_word' id='word_1_189' title='bbox 1026 3407 1146 3491; x_wconf 79' lang='lat' dir='ltr'>posse</span> <span class='ocrx_word' id='word_1_190' title='bbox 1180 3379 1386 3462; x_wconf 78' lang='lat' dir='ltr'>attinebat.</span> <span class='ocrx_word' id='word_1_191' title='bbox 1405 3379 1597 3461; x_wconf 87' lang='lat' dir='ltr'>Habebat</span> 
     </span>
     <span class='ocr_line' id='line_1_26' title="bbox 196 3501 1596 3602; baseline 0.001 -19"><span class='ocrx_word' id='word_1_192' title='bbox 196 3501 305 3583; x_wconf 90' lang='lat' dir='ltr'>euim</span> <span class='ocrx_word' id='word_1_193' title='bbox 340 3502 487 3583; x_wconf 85' lang='lat' dir='ltr'>decem</span> <span class='ocrx_word' id='word_1_194' title='bbox 520 3506 649 3588; x_wconf 90' lang='lat' dir='ltr'>millia</span> <span class='ocrx_word' id='word_1_195' title='bbox 670 3534 865 3589; x_wconf 90' lang='lat' dir='ltr'>cnrrnnm</span> <span class='ocrx_word' id='word_1_196' title='bbox 890 3507 1147 3602; x_wconf 86' lang='lat' dir='ltr'>falcatorum,</span> <span class='ocrx_word' id='word_1_197' title='bbox 1166 3504 1350 3583; x_wconf 81' lang='lat' dir='ltr'>diuersas</span> <span class='ocrx_word' id='word_1_198' title='bbox 1385 3503 1596 3584; x_wconf 86' lang='lat' dir='ltr'>machinas</span> 
     </span>
     <span class='ocr_line' id='line_1_27' title="bbox 197 3623 1596 3738; baseline 0.001 -33"><span class='ocrx_word' id='word_1_199' title='bbox 197 3640 239 3706; x_wconf 87' lang='lat' dir='ltr'>et</span> <span class='ocrx_word' id='word_1_200' title='bbox 255 3624 394 3705; x_wconf 87' lang='lat' dir='ltr'>omnia</span> <span class='ocrx_word' id='word_1_201' title='bbox 410 3623 586 3731; x_wconf 85' lang='lat' dir='ltr'>ingenia,</span> <span class='ocrx_word' id='word_1_202' title='bbox 604 3629 756 3738; x_wconf 92' lang='lat' dir='ltr'>quibus</span> <span class='ocrx_word' id='word_1_203' title='bbox 779 3643 912 3712; x_wconf 87' lang='lat' dir='ltr'>castra</span> <span class='ocrx_word' id='word_1_204' title='bbox 937 3630 1145 3735; x_wconf 86' lang='lat' dir='ltr'>urbesque</span> <span class='ocrx_word' id='word_1_205' title='bbox 1172 3625 1495 3728; x_wconf 80' lang='lat' dir='ltr'>confringuntur,</span> <span class='ocrx_word' id='word_1_206' title='bbox 1514 3652 1596 3731; x_wconf 85' lang='lat' dir='ltr'>qne</span> 
     </span>
     <span class='ocr_line' id='line_1_28' title="bbox 196 3748 1596 3857; baseline 0 -28"><span class='ocrx_word' id='word_1_207' title='bbox 196 3748 236 3829; x_wconf 92' lang='lat' dir='ltr'>in</span> <span class='ocrx_word' id='word_1_208' title='bbox 271 3774 346 3830; x_wconf 92' lang='lat' dir='ltr'>sno</span> <span class='ocrx_word' id='word_1_209' title='bbox 379 3749 564 3831; x_wconf 88' lang='lat' dir='ltr'>exercitu</span> <span class='ocrx_word' id='word_1_210' title='bbox 595 3778 739 3833; x_wconf 89' lang='lat' dir='ltr'>secnm</span> <span class='ocrx_word' id='word_1_211' title='bbox 772 3753 942 3835; x_wconf 86' lang='lat' dir='ltr'>ferebat.</span> <span class='ocrx_word' id='word_1_212' title='bbox 969 3749 1252 3832; x_wconf 85' lang='lat' dir='ltr'>Taberuacula</span> <span class='ocrx_word' id='word_1_213' title='bbox 1285 3748 1454 3855; x_wconf 90' lang='lat' dir='ltr'>quidem</span> <span class='ocrx_word' id='word_1_214' title='bbox 1477 3773 1596 3857; x_wconf 80' lang='lat' dir='ltr'>varys</span> 
     </span>
     <span class='ocr_line' id='line_1_29' title="bbox 197 3868 1596 3980; baseline -0.001 -27"><span class='ocrx_word' id='word_1_215' title='bbox 197 3868 292 3978; x_wconf 78' lang='lat' dir='ltr'>(lb)</span> <span class='ocrx_word' id='word_1_216' title='bbox 326 3870 458 3953; x_wconf 91' lang='lat' dir='ltr'>modis</span> <span class='ocrx_word' id='word_1_217' title='bbox 490 3871 747 3956; x_wconf 90' lang='lat' dir='ltr'>diuersorum</span> <span class='ocrx_word' id='word_1_218' title='bbox 770 3900 989 3980; x_wconf 82' lang='lat' dir='ltr'>regnorum</span> <span class='ocrx_word' id='word_1_219' title='bbox 1017 3872 1169 3954; x_wconf 86' lang='lat' dir='ltr'>habere</span> <span class='ocrx_word' id='word_1_220' title='bbox 1194 3878 1479 3972; x_wconf 85' lang='lat' dir='ltr'>consueuerat,</span> <span class='ocrx_word' id='word_1_221' title='bbox 1498 3897 1596 3979; x_wconf 90' lang='lat' dir='ltr'>ope·</span> 
     </span>
     <span class='ocr_line' id='line_1_30' title="bbox 196 3986 1599 4098; baseline 0 -24"><span class='ocrx_word' id='word_1_222' title='bbox 196 3986 360 4098; x_wconf 82' lang='lat' dir='ltr'>rata¹³)‚</span> <span class='ocrx_word' id='word_1_223' title='bbox 393 4021 523 4075; x_wconf 89' lang='lat' dir='ltr'>unum</span> <span class='ocrx_word' id='word_1_224' title='bbox 567 4008 704 4077; x_wconf 91' lang='lat' dir='ltr'>tamen</span> <span class='ocrx_word' id='word_1_225' title='bbox 749 3996 931 4080; x_wconf 87' lang='lat' dir='ltr'>habebat</span> <span class='ocrx_word' id='word_1_226' title='bbox 971 3996 1030 4078; x_wconf 92' lang='lat' dir='ltr'>sic</span> <span class='ocrx_word' id='word_1_227' title='bbox 1070 3995 1233 4076; x_wconf 89' lang='lat' dir='ltr'>celebre</span> <span class='ocrx_word' id='word_1_228' title='bbox 1266 4022 1315 4076; x_wconf 90' lang='lat' dir='ltr'>ac</span> <span class='ocrx_word' id='word_1_229' title='bbox 1347 3996 1518 4076; x_wconf 88' lang='lat' dir='ltr'>solenne</span> <span class='ocrx_word' id='word_1_230' title='bbox 1550 4005 1599 4074; x_wconf 93' lang='lat' dir='ltr'>ut</span> 
     </span>
     <span class='ocr_line' id='line_1_31' title="bbox 195 4110 1597 4225; baseline 0 -29"><span class='ocrx_word' id='word_1_231' title='bbox 195 4143 248 4197; x_wconf 88' lang='lat' dir='ltr'>ex</span> <span class='ocrx_word' id='word_1_232' title='bbox 278 4110 506 4225; x_wconf 74' lang='lat' dir='ltr'>laminis¹⁴)</span> <span class='ocrx_word' id='word_1_233' title='bbox 524 4119 659 4201; x_wconf 88' lang='lat' dir='ltr'>aureis</span> <span class='ocrx_word' id='word_1_234' title='bbox 680 4119 850 4201; x_wconf 87' lang='lat' dir='ltr'>mirifice</span> <span class='ocrx_word' id='word_1_235' title='bbox 873 4117 1124 4200; x_wconf 89' lang='lat' dir='ltr'>coniunctim</span> <span class='ocrx_word' id='word_1_236' title='bbox 1148 4117 1321 4198; x_wconf 88' lang='lat' dir='ltr'>solidata</span> <span class='ocrx_word' id='word_1_237' title='bbox 1344 4119 1466 4198; x_wconf 92' lang='lat' dir='ltr'>modo</span> <span class='ocrx_word' id='word_1_238' title='bbox 1492 4115 1597 4197; x_wconf 88' lang='lat' dir='ltr'>solui</span> 
     </span>
    </p>
   </div>
   <div class='ocr_carea' id='block_1_3' title="bbox 193 4323 400 4333">
    <p class='ocr_par' dir='ltr' id='par_1_4' title="bbox 193 4323 400 4333">
     <span class='ocr_line' id='line_1_32' title="bbox 193 4323 400 4333; baseline -0.01 0"><span class='ocrx_word' id='word_1_239' title='bbox 193 4323 400 4333; x_wconf 79' lang='lat'><strong>————-</strong></span> 
     </span>
    </p>
   </div>
   <div class='ocr_carea' id='block_1_4' title="bbox 194 4442 1597 4649">
    <p class='ocr_par' dir='ltr' id='par_1_5' title="bbox 194 4442 1597 4649">
     <span class='ocr_line' id='line_1_33' title="bbox 354 4442 1597 4532; baseline -0.004 -10"><span class='ocrx_word' id='word_1_240' title='bbox 354 4442 380 4529; x_wconf 91' lang='lat'>¹)</span> <span class='ocrx_word' id='word_1_241' title='bbox 404 4448 499 4523; x_wconf 83' lang='lat' dir='ltr'>Haeo</span> <span class='ocrx_word' id='word_1_242' title='bbox 524 4449 647 4524; x_wconf 87' lang='lat' dir='ltr'>desunt</span> <span class='ocrx_word' id='word_1_243' title='bbox 665 4448 700 4522; x_wconf 94' lang='lat' dir='ltr'>in</span> <span class='ocrx_word' id='word_1_244' title='bbox 730 4450 770 4523; x_wconf 93' lang='lat' dir='ltr'>B.</span> <span class='ocrx_word' id='word_1_245' title='bbox 788 4448 824 4523; x_wconf 87' lang='lat' dir='ltr'>S.</span> <span class='ocrx_word' id='word_1_246' title='bbox 842 4442 869 4532; x_wconf 82' lang='lat'>¹)</span> <span class='ocrx_word' id='word_1_247' title='bbox 894 4449 1050 4523; x_wconf 85' lang='lat' dir='ltr'>concordi</span> <span class='ocrx_word' id='word_1_248' title='bbox 1079 4450 1144 4522; x_wconf 92' lang='lat' dir='ltr'>vol.</span> <span class='ocrx_word' id='word_1_249' title='bbox 1166 4450 1236 4524; x_wconf 87' lang='lat' dir='ltr'>VP.</span> <span class='ocrx_word' id='word_1_250' title='bbox 1257 4472 1323 4523; x_wconf 89' lang='lat' dir='ltr'>om.</span> <span class='ocrx_word' id='word_1_251' title='bbox 1344 4451 1385 4523; x_wconf 96' lang='grc' dir='ltr'>Β.</span> <span class='ocrx_word' id='word_1_252' title='bbox 1408 4450 1443 4523; x_wconf 88' lang='lat' dir='ltr'>S.</span> <span class='ocrx_word' id='word_1_253' title='bbox 1465 4442 1493 4529; x_wconf 78' lang='lat'>⁸)</span> <span class='ocrx_word' id='word_1_254' title='bbox 1516 4446 1597 4520; x_wconf 85' lang='lat' dir='ltr'>Ete-</span> 
     </span>
     <span class='ocr_line' id='line_1_34' title="bbox 194 4547 1597 4649; baseline -0.002 -22"><span class='ocrx_word' id='word_1_255' title='bbox 194 4555 275 4627; x_wconf 87' lang='lat' dir='ltr'>lam.</span> <span class='ocrx_word' id='word_1_256' title='bbox 306 4551 342 4626; x_wconf 90' lang='lat' dir='ltr'>S.</span> <span class='ocrx_word' id='word_1_257' title='bbox 373 4548 400 4631; x_wconf 83' lang='lat'>⁴)</span> <span class='ocrx_word' id='word_1_258' title='bbox 423 4552 546 4648; x_wconf 82' lang='lat' dir='ltr'>Tyscia</span> <span class='ocrx_word' id='word_1_259' title='bbox 573 4554 614 4629; x_wconf 90' lang='lat' dir='ltr'>B.</span> <span class='ocrx_word' id='word_1_260' title='bbox 646 4547 674 4635; x_wconf 79' lang='lat'>⁶)</span> <span class='ocrx_word' id='word_1_261' title='bbox 697 4554 793 4628; x_wconf 87' lang='lat' dir='ltr'>Haec</span> <span class='ocrx_word' id='word_1_262' title='bbox 820 4553 943 4628; x_wconf 87' lang='lat' dir='ltr'>desunt</span> <span class='ocrx_word' id='word_1_263' title='bbox 969 4552 1005 4627; x_wconf 93' lang='lat' dir='ltr'>in</span> <span class='ocrx_word' id='word_1_264' title='bbox 1033 4553 1167 4628; x_wconf 85' lang='lat' dir='ltr'>ceteris.</span> <span class='ocrx_word' id='word_1_265' title='bbox 1200 4549 1226 4636; x_wconf 77' lang='lat'>⁸)</span> <span class='ocrx_word' id='word_1_266' title='bbox 1251 4577 1357 4649; x_wconf 86' lang='lat' dir='ltr'>napos</span> <span class='ocrx_word' id='word_1_267' title='bbox 1382 4552 1496 4649; x_wconf 83' lang='lat' dir='ltr'>magui</span> <span class='ocrx_word' id='word_1_268' title='bbox 1527 4551 1597 4625; x_wconf 85' lang='lat' dir='ltr'>lla·</span> 
     </span>
    </p>
   </div>
   <div class='ocr_carea' id='block_1_5' title="bbox 195 4653 1599 4961">
    <p class='ocr_par' dir='ltr' id='par_1_6' title="bbox 195 4653 1599 4961">
     <span class='ocr_line' id='line_1_35' title="bbox 195 4653 1599 4753; baseline -0.001 -23"><span class='ocrx_word' id='word_1_269' title='bbox 195 4679 271 4753; x_wconf 85' lang='lat' dir='ltr'>gor.</span> <span class='ocrx_word' id='word_1_270' title='bbox 301 4655 378 4730; x_wconf 89' lang='lat' dir='ltr'>add.</span> <span class='ocrx_word' id='word_1_271' title='bbox 407 4658 478 4733; x_wconf 85' lang='lat' dir='ltr'>VP.</span> <span class='ocrx_word' id='word_1_272' title='bbox 508 4681 585 4753; x_wconf 86' lang='lat' dir='ltr'>nep.</span> <span class='ocrx_word' id='word_1_273' title='bbox 614 4681 659 4733; x_wconf 88' lang='lat' dir='ltr'>m.</span> <span class='ocrx_word' id='word_1_274' title='bbox 687 4658 890 4753; x_wconf 86' lang='lat' dir='ltr'>Nenrproth.</span> <span class='ocrx_word' id='word_1_275' title='bbox 915 4658 949 4732; x_wconf 91' lang='lat' dir='ltr'>S.</span> <span class='ocrx_word' id='word_1_276' title='bbox 974 4653 1000 4740; x_wconf 78' lang='grc'>7)</span> <span class='ocrx_word' id='word_1_277' title='bbox 1023 4680 1088 4733; x_wconf 89' lang='lat' dir='ltr'>om.</span> <span class='ocrx_word' id='word_1_278' title='bbox 1113 4653 1138 4738; x_wconf 77' lang='grc'>8)</span> <span class='ocrx_word' id='word_1_279' title='bbox 1162 4660 1341 4733; x_wconf 91' lang='lat' dir='ltr'>hunorum.</span> <span class='ocrx_word' id='word_1_280' title='bbox 1373 4653 1399 4740; x_wconf 82' lang='lat'>⁹)</span> <span class='ocrx_word' id='word_1_281' title='bbox 1423 4661 1599 4753; x_wconf 82' lang='lat' dir='ltr'>gottorum</span> 
     </span>
     <span class='ocr_line' id='line_1_36' title="bbox 196 4758 1597 4857; baseline -0.002 -21"><span class='ocrx_word' id='word_1_282' title='bbox 196 4764 371 4836; x_wconf 87' lang='lat' dir='ltr'>danorum.</span> <span class='ocrx_word' id='word_1_283' title='bbox 401 4762 472 4836; x_wconf 88' lang='lat' dir='ltr'>VP.</span> <span class='ocrx_word' id='word_1_284' title='bbox 503 4763 619 4839; x_wconf 87' lang='lat' dir='ltr'>danor.</span> <span class='ocrx_word' id='word_1_285' title='bbox 648 4784 714 4836; x_wconf 92' lang='lat' dir='ltr'>om.</span> <span class='ocrx_word' id='word_1_286' title='bbox 744 4764 784 4837; x_wconf 89' lang='lat' dir='ltr'>B.</span> <span class='ocrx_word' id='word_1_287' title='bbox 815 4763 850 4837; x_wconf 86' lang='lat' dir='ltr'>S.</span> <span class='ocrx_word' id='word_1_288' title='bbox 884 4758 925 4844; x_wconf 84' lang='lat'>¹⁰)</span> <span class='ocrx_word' id='word_1_289' title='bbox 952 4762 1085 4857; x_wconf 83' lang='lat' dir='ltr'>Atylla.</span> <span class='ocrx_word' id='word_1_290' title='bbox 1116 4764 1152 4836; x_wconf 91' lang='lat' dir='ltr'>S.</span> <span class='ocrx_word' id='word_1_291' title='bbox 1185 4760 1226 4847; x_wconf 88' lang='lat'>¹¹)</span> <span class='ocrx_word' id='word_1_292' title='bbox 1254 4786 1319 4836; x_wconf 88' lang='lat' dir='ltr'>om.</span> <span class='ocrx_word' id='word_1_293' title='bbox 1349 4765 1390 4837; x_wconf 95' lang='lat' dir='ltr'>B.</span> <span class='ocrx_word' id='word_1_294' title='bbox 1423 4759 1465 4846; x_wconf 84' lang='lat'>¹²¹)</span> <span class='ocrx_word' id='word_1_295' title='bbox 1494 4761 1597 4835; x_wconf 86' lang='lat' dir='ltr'>etiam</span> 
     </span>
     <span class='ocr_line' id='line_1_37' title="bbox 196 4861 1148 4961; baseline 0.002 -22"><span class='ocrx_word' id='word_1_296' title='bbox 196 4888 263 4942; x_wconf 89' lang='lat' dir='ltr'>orn.</span> <span class='ocrx_word' id='word_1_297' title='bbox 294 4861 336 4948; x_wconf 86' lang='lat'>¹³)</span> <span class='ocrx_word' id='word_1_298' title='bbox 366 4888 459 4961; x_wconf 85' lang='lat' dir='ltr'>oper.</span> <span class='ocrx_word' id='word_1_299' title='bbox 487 4867 567 4943; x_wconf 92' lang='lat' dir='ltr'>hab.</span> <span class='ocrx_word' id='word_1_300' title='bbox 596 4889 713 4942; x_wconf 86' lang='lat' dir='ltr'>consu.</span> <span class='ocrx_word' id='word_1_301' title='bbox 747 4863 788 4949; x_wconf 80' lang='lat'>¹⁴)</span> <span class='ocrx_word' id='word_1_302' title='bbox 816 4865 1013 4941; x_wconf 87' lang='lat' dir='ltr'>laminibus.</span> <span class='ocrx_word' id='word_1_303' title='bbox 1043 4869 1084 4942; x_wconf 94' lang='grc' dir='ltr'>Β.</span> <span class='ocrx_word' id='word_1_304' title='bbox 1112 4866 1148 4941; x_wconf 93' lang='lat' dir='ltr'>S.</span> 
     </span>
    </p>
   </div>
   <div class='ocr_carea' id='block_1_6' title="bbox 0 0 1810 5490">
    <p class='ocr_par' dir='ltr' id='par_1_7' title="bbox 0 0 1810 5490">
     <span class='ocr_line' id='line_1_38' title="bbox 0 0 1810 5490; baseline 0 0"><span class='ocrx_word' id='word_1_305' title='bbox 0 0 1810 5490; x_wconf 95' lang='lat' dir='ltr'> </span> 
     </span>
    </p>
   </div>
  </div>
 </body>
</html>
