3592 5490
812 363 968 466 *aa*

190 585 384 691 plausum
427 581 670 682 secularem,
690 593 730 660 ct
751 578 1083 686 diuulgacionem
1106 579 1170 661 sui
1205 578 1394 681 nominis,
1412 592 1459 663 ut
1477 579 1594 688 quasi

193 733 335 787 eorum
369 703 586 810 posteritas
619 702 694 809 hys
727 701 877 784 auditis
919 704 1025 784 inter
1056 701 1213 783 viciuos
1253 714 1293 781 et
1325 701 1480 783 amicos
1513 702 1595 783 iac·

192 843 277 908 tare
311 826 528 932 arogancia
559 852 603 906 se
635 824 832 904 valerent.
866 824 1037 908 Constat
1080 849 1175 929 ergo
1188 818 1217 930 ¹)
1256 837 1297 904 et
1329 824 1594 908 manifestum

193 963 339 1032 estex
384 949 463 1028 hoc
504 974 586 1028 non
631 940 808 1053 solum²)
852 960 1010 1055 septem
1057 947 1295 1055 capitaneos
1342 946 1594 1029 Pannoniam

194 1070 611 1178 conrprestrassased
646 1070 777 1149 eciam
812 1070 912 1152 alios
947 1071 1106 1153 nobiles
1140 1065 1449 1177 quamplures³)
1473 1070 1596 1152 simul

195 1223 288 1276 cum
325 1194 401 1275 illis
423 1194 474 1273 de
496 1191 621 1273 Scitia
645 1188 965 1301 descendissel).
984 1192 1102 1274 Vnde
1125 1192 1165 1273 in
1199 1192 1297 1300 ipsis
1331 1192 1556 1299 capitaneis
1566 1189 1597 1300 ⁵)

195 1317 380 1398 venerari
412 1328 549 1422 potest
589 1340 740 1395 nornen
786 1314 995 1420 dignitatis
1036 1316 1130 1423 plus
1172 1314 1259 1423 alys
1304 1328 1344 1394 et
1386 1314 1597 1421 potencie:

193 1437 417 1520 nobilitatis
449 1463 546 1518 vero
581 1436 792 1544 equaliter.

352 1578 421 1660 39.
456 1576 561 1658 Cum
604 1603 699 1682 orgo
742 1577 909 1685 quidam
953 1579 1035 1661 siut
1077 1578 1260 1686 hospites
1301 1579 1379 1660 isto
1412 1592 1598 1685 tempore

195 1702 409 1783 nobilitate
441 1727 561 1807 pares
581 1699 787 1804 hungaris,
806 1700 1098 1808 inquirendum
1123 1717 1186 1784 est
1208 1727 1335 1808 quare
1364 1700 1474 1784 istud
1509 1727 1599 1783 esse

196 1824 352 1926 habuit,
385 1823 582 1929 undeque
616 1819 869 1930 processit⁶)‚
890 1851 985 1904 cum
1020 1823 1194 1929 hungari
1224 1850 1399 1914 numero
1421 1817 1598 1930 valido⁷)

196 1947 247 2027 ad
280 1945 534 2052 implendam
567 1944 822 2025 Pannoniam
846 1946 1118 2028 suffecissent.
1141 1946 1277 2053 Geysa
1296 1972 1478 2052 namque
1512 1944 1599 2027 dux

196 2070 302 2149 inter
334 2068 434 2148 alios
466 2067 608 2148 diuino
630 2067 886 2172 premonitus
909 2068 1075 2150 oraculo
1097 2080 1339 2150 conuertere
1362 2069 1472 2174 cepit
1493 2066 1599 2149 hun·

197 2216 387 2295 garorum
420 2191 584 2294 gentem
627 2189 692 2269 ad*
720 2188 845 2270 fidem
888 2189 1183 2292 Christianam3
1217 2202 1258 2271 et
1297 2191 1398 2272 dum
1440 2190 1599 2270 monitu

196 2313 287 2392 illos
321 2324 563 2392 conuertere
596 2337 679 2391 non
712 2325 853 2417 posset
894 2313 1145 2419 paganismis
1178 2313 1324 2397 ritibus
1366 2313 1526 2394 deditos
1560 2324 1601 2392 et

198 2436 388 2536 intentos,
421 2434 639 2544 oportebat
661 2434 864 2539 quosdam
885 2436 1009 2518 annis
1032 2436 1224 2517 edomare
1248 2434 1467 2543 (163).Αά
1489 2433 1601 2541 quod

199 2569 338 2637 autem
371 2555 610 2637 faciendum
629 2555 727 2662 quia
746 2556 885 2663 plures
906 2555 1022 2639 luere
1044 2557 1138 2638 fidei
1162 2568 1440 2665 repugnantes
1474 2582 1600 2663 quarn

197 2680 353 2786 quippe
387 2677 645 2780 adherentes,
678 2679 959 2762 necessarium
1002 2680 1149 2762 habuit
1188 2679 1438 2763 desiderium
1477 2706 1600 2761 suurn

196 2800 409 2905 diuulgare
451 2801 617 2905 regibus
661 2816 703 2881 et
746 2801 1001 2908 principibus
1044 2802 1286 2885 christianis.
1328 2800 1419 2896 Quo
1461 2800 1600 2883 audito

194 2922 318 3004 huius
361 2921 575 3024 desiderio,
620 2948 702 3003 non
747 2923 880 3005 solum
923 2925 1121 3007 iuuamen
1166 2924 1493 3025 transmiserunt,
1529 2923 1603 3005 sed

196 3045 325 3125 eciam
360 3045 632 3150 personaliter
648 3045 839 3127 adierunt
862 3047 1013 3153 quibus
1037 3049 1175 3130 fuerat
1194 3047 1475 3152 hungarorum
1511 3072 1602 3125 cru-

195 3167 341 3248 delitas
375 3166 525 3247 nociua
556 3167 785 3274 plurimum
818 3194 866 3248 ac
899 3196 1040 3252 exosa.

354 3325 423 3405 40.
456 3324 646 3408 lutroiuit
686 3352 782 3431 ergo
830 3321 1005 3434 primo⁸)
1046 3325 1259 3408 Deodatus
1291 3325 1343 3406 de
1385 3324 1605 3406 comitibus

198 3447 327 3529 sancti
361 3445 549 3527 Seuerini
584 3447 635 3528 de
670 3448 834 3555 Apulia,
869 3449 940 3556 qui
972 3448 1166 3531 fundator
1200 3447 1336 3528 extitit
1369 3459 1604 3554 monastery

198 3570 249 3649 de
283 3568 385 3649 'l'ata
417 3581 459 3648 et
490 3581 665 3675 parator.
687 3570 769 3653 Iste
803 3569 934 3651 eciam
968 3598 1065 3653 curn
1098 3583 1242 3652 sancto
1261 3569 1485 3650 Adalberto
1520 3567 1606 3675 epi·

199 3716 325 3797 scopo
368 3686 601 3798 pragensi⁹l
645 3704 833 3775 sanctum
884 3719 1022 3799 regem
1067 3691 1326 3799 Stephanum
1370 3689 1606 3799 baptisauit.

201 3812 329 3895 Cuius
363 3812 530 3918 quidem
572 3829 806 3922 monastery
840 3841 993 3896 nomen
1036 3841 1110 3922 pro
1144 3840 1192 3894 eo
1225 3813 1328 3894 Tata
1359 3813 1604 3921 appellatur,

204 3935 301 4041 quia
333 3962 428 4015 cum
464 3937 611 4019 beatus
644 3967 716 4018 rex
757 3936 992 4043 Stephanus
1031 3937 1161 4045 ipsius
1204 3962 1355 4017 nomen
1402 3937 1455 4018 ob
1489 3961 1607 4017 reue·

204 4057 376 4138 rantiam
410 4083 492 4138 nou
528 4059 791 4167 exprimeret,
809 4060 882 4141 sed
916 4088 1010 4141 eum
1040 4058 1143 4140 Tarta
1174 4058 1384 4165 apellarct,
1403 4058 1606 4140 abolitum

205 4191 268 4259 est
299 4205 450 4259 nomen
486 4179 674 4285 Deodati‚
708 4181 779 4264 sed
819 4181 920 4263 Tata
963 4176 1163 4287 extitit¹⁰)
1199 4176 1449 4286 vocatus¹¹).
1489 4179 1606 4260 Vnde

366 4454 390 4541 ¹)
414 4459 540 4551 itaque.
572 4454 599 4540 ²)
624 4460 764 4533 Constat
801 4458 916 4550 itaque
953 4481 1020 4530 nou
1057 4460 1191 4530 tantum
1227 4461 1369 4551 septem.
1399 4456 1607 4549 capitaneos.

207 4559 234 4641 Bl
260 4587 324 4635 onr.
352 4559 379 4646 ⁴)
405 4563 461 4656 qui
489 4564 529 4636 dc
560 4564 676 4659 Scytia
704 4563 960 4636 descenderunt.
992 4556 1019 4649 ⁵)
1043 4586 1109 4635 orn.
1141 4555 1168 4640 ⁶)
1193 4561 1271 4634 und.
1301 4584 1393 4655 proc.
1424 4584 1488 4633 om.
1522 4554 1548 4640 ⁷)
1574 4558 1608 4630 in

205 4691 344 4741 nurnero
374 4668 497 4740 valido.
528 4671 567 4741 B.
597 4667 744 4762 hungari
772 4691 863 4740 nuru.
894 4666 936 4738 ad
972 4666 1190 4762 implendam.
1221 4667 1291 4742 llP.
1321 4664 1472 4738 inualido
1500 4665 1607 4756 hung.

206 4796 298 4847 uum.
328 4773 382 4846 ad.
420 4773 515 4868 impl.
547 4775 582 4848 S.
613 4767 641 4855 8)
665 4772 827 4847 Intrauit.
858 4772 931 4846 VP.
963 4765 989 4854 ⁹l
1013 4794 1110 4867 prag.
1141 4793 1215 4866 epo.
1250 4766 1291 4852 ¹⁰)
1320 4776 1382 4844 cst.
1413 4770 1449 4843 S.
1485 4763 1523 4857 ¹¹)
1551 4788 1609 4842 ro·

208 4878 345 4953 citatus.
374 4880 415 4953 B.

1492 5007 1510 5066 ὁ
