3660 5506
1022 384 1063 449 87

200 607 311 688 ad
328 629 521 687 uerso
553 603 690 712 Geysa
722 601 810 683 dux
844 628 939 683 cum
973 600 1057 682 suis
1091 602 1237 684 aeriter
1269 603 1422 686 inuasit
1454 606 1636 688 eosdem.
1670 604 1746 687 Mi·

196 728 437 809 lites
470 734 610 808 aulem
642 724 819 807 Ladislai
851 724 1017 829 agmina
1059 722 1291 808 Salomonis
1332 740 1546 834 tamquam
1580 729 1621 809 in
1657 755 1746 810 cor-

191 850 333 930 tin
352 849 439 931 is
472 846 804 955 retrospiciencia
835 845 1006 927 terribili
1038 846 1190 928 tinnitu
1222 848 1451 953 gladiorum
1465 846 1494 957 ¹)
1539 850 1579 931 in
1614 864 1745 932 morte

189 969 639 1053 concluserunt
670 968 839 1051 crudeli.
865 966 945 1049 Sed
979 995 1032 1048 ex
1066 965 1285 1077 aduerso²)
1319 971 1469 1055 milites
1502 973 1638 1080 Geysc
1671 999 1746 1080 po·

185 1093 438 1174 cula
471 1092 556 1173 dire
590 1090 731 1173 mortis
765 1090 920 1173 eisdem
965 1090 1249 1198 propinarunt.
1286 1092 1502 1175 Ceduutur
1535 1096 1745 1196 teutonici,

179 1210 507 1320 fugiunt
545 1213 672 1314 latini,
711 1213 936 1322 locumque
978 1215 1074 1319 fuge
1120 1239 1202 1294 nou
1244 1215 1476 1318 inueniunt,
1511 1232 1551 1296 et
1592 1218 1749 1300 cadunt

178 1350 436 1419 ante
472 1337 689 1442 hungaros
723 1347 769 1418 ut
800 1336 931 1418 boues
965 1335 1005 1415 in
1041 1336 1228 1416 macello.

462 1594 550 1695 (De
577 1594 697 1698 tuga
724 1599 771 1674 et
798 1592 1065 1698 expulsione
1092 1593 1220 1696 regis
1248 1591 1524 1677 Salomonis.
1552 1595 1623 1696 B.)

504 1810 599 1889 105.
632 1807 721 1888 Rex
755 1820 895 1888 autem
929 1805 1122 1887 Salomon
1158 1808 1241 1888 fcre
1275 1809 1469 1890 omuibus
1501 1810 1585 1891 suis
1619 1810 1745 1892 iuter-

174 1902 456 2011 fectis
493 1930 661 2036 aufugit,
695 1943 737 2010 ct
770 1929 810 2010 iu
843 1925 1097 2034 Zigethl'cu3)
1136 1928 1374 2011 Danubium
1411 1931 1612 2015 tmusiens
1646 1961 1742 2014 oum

179 2019 458 2146 Opus
495 2049 656 2134 Martini
699 2052 782 2133 tilio
815 2051 929 2133 reuit
971 2051 1138 2131 tandem
1173 2051 1211 2131 iu
1259 2047 1451 2159 llusunl)
1485 2055 1534 2133 ad
1572 2070 1744 2136 matrem

178 2162 459 2255 Suam
497 2191 537 2255 et
569 2201 757 2257 uxorem.
791 2175 1121 2279 Persecutusque
1155 2191 1217 2255 est
1250 2171 1388 2279 eum⁵)
1425 2176 1634 2258 exercitus
1667 2178 1744 2259 du·

181 2281 435 2377 Qllln
470 2311 514 2377 et
545 2323 835 2399 suos‚a1nane
869 2322 1002 2402 usque
1035 2295 1085 2375 ad
1105 2322 1333 2402 vesperam.
1352 2295 1398 2376 lu
1431 2299 1591 2403 prefato
1625 2325 1743 2380 narn·

184 2400 425 2498 ql-le
455 2418 587 2526 prelio
619 2445 701 2500 non
735 2417 869 2502 solum
903 2416 1100 2499 teutonici
1134 2432 1205 2498 aiut
1238 2418 1351 2499 latini
1384 2419 1636 2522 ceciderunt,
1670 2422 1744 2504 sed

186 2523 472 2623 11ἱέειίῡί·
504 2566 598 2648 pars
631 2540 782 2622 milicie
814 2539 928 2645 regni
954 2538 1164 2643 Huugarie
1192 2540 1341 2621 dicitur
1373 2542 1587 2624 corruisse.
1607 2542 1745 2627 Duces

174 2640 357 2753 ἄζῃ
373 2671 479 2744 tem
503 2662 641 2771 Geysa
672 2675 715 2743 et
745 2661 961 2743 Ladislaus
993 2660 1207 2767 triumpho
1225 2662 1392 2744 victorie
1417 2663 1615 2748 diuinitus
1647 2667 1745 2748 sub·

174 2737 628 2893 ¹¹¹11atisupe1·
671 2785 877 2867 cadauera
919 2783 1226 2864 interfectorum
1271 2786 1349 2865 deo
1382 2799 1443 2865 ter
1475 2786 1618 2868 laudes
1651 2814 1744 2895 pro·

174 2866 287 2955 ‘²1
310 2916 638 2991 amauerunt.
690 2905 791 2989 Dux
839 2916 979 2987 autem
1029 2904 1242 2987 Ladislaus
1291 2907 1397 2987 sieut
1445 2924 1532 2988 erut
1580 2937 1745 3017 somper

172 3007 491 3118 ffkirnie
523 3029 713 3138 pyetatis,
746 3028 892 3109 videns
926 3041 986 3108 tot
1023 3027 1150 3106 millio
1192 3028 1513 3130 interfectorum,
1549 3032 1743 3137 quamuis

172 3130 293 3204 η)
318 3136 490 3235 imici
523 3151 653 3259 ipsius
685 3145 901 3255 fuissentss)
937 3165 1075 3229 tamen
1117 3163 1325 3229 commoto
1356 3165 1454 3232 suut
1486 3153 1627 3233 omnia
1660 3154 1740 3234 vis·

169 3252 431 3357 cha
462 3275 551 3357 eius
582 3298 710 3381 super
741 3273 844 3372 illos,
878 3284 918 3352 et
950 3270 1117 3352 defleuit
1161 3297 1230 3351 eos
1263 3298 1401 3352 arnam
1435 3274 1629 3357 scirnlcus
1662 3275 1741 3357 sibi

166 3375 463 3481 gQuas
495 3410 538 3479 ct
568 3396 741 3504 capillos
773 3395 945 3502 planctu
979 3418 1128 3498 magno
1171 3409 1382 3499 tamquam
1427 3408 1558 3475 muter
1602 3397 1643 3477 in
1676 3398 1742 3478 fu·

164 3498 433 3602 ”Qre
475 3518 665 3601 filiorum.
707 3517 854 3599 Postea
885 3515 937 3595 (le
985 3515 1124 3623 spolys
1167 3512 1351 3620 eorurn⁷)
1397 3531 1633 3599 constructa
1677 3535 1741 3600 est

161 3619 511 3724 eQ(Blesie
542 3641 594 3721 de
627 3632 906 3747 Monyorod⁸).
942 3636 1145 3717 Marolrart
1178 3662 1274 3716 voro
1308 3637 1394 3718 dux
1430 3640 1739 3722 teutonicorum

159 3734 258 3803 et,
416 3755 720 3870 suetepolug⁹)
761 3760 849 3842 dux
891 3753 1201 3862 sclauornrn¹⁰)
1248 3761 1356 3865 capti
1399 3779 1497 3842 sunt
1541 3762 1742 3845 militibus

155 3861 284 3935 ³¹⁴
309 3869 423 3969 is
462 3884 698 3985 interfectis
743 3898 784 3964 et
825 3881 923 3990 ipsis
961 3880 1140 3985 grauiter
1176 3878 1477 3988 vuluemtis¹¹).
1528 3881 1627 3964 llux
1668 3911 1742 3966 au·

155 3972 236 4038 “³
257 4000 486 4114 ¹11⁰)
520 4005 618 4089 Otto
650 4004 722 4113 qui
753 4004 935 4085 animam
968 4030 1088 4085 suam
1110 4028 1183 4109 pro
1206 4003 1347 4086 amicis
1384 4021 1580 4111 posuerat
1613 4006 1739 4113 (lib)

155 4106 621 4221 “’Qpiosissime
663 4140 952 4210 remuneratus
994 4153 1017 4205 a
1060 4124 1249 4225 <lucibus
1294 4122 1610 4233 repatr·iauit¹³).
1656 4128 1744 4208 lam

160 4306 546 4366 ''N-.-

498 4439 524 4519 ¹)
547 4438 808 4515 sauciatorum
838 4433 863 4501 ¹)
888 4442 1084 4510 transuerso
1114 4430 1140 4514 ³)
1166 4435 1340 4528 Scigotfeu
1370 4431 1398 4516 ⁴)
1424 4459 1567 4510 musum.
1589 4437 1623 4510 S.
1657 4430 1685 4514 ⁵)
1710 4446 1745 4509 et

186 4521 325 4586 ⁵¹¹⁰
340 4556 431 4622 S.
460 4548 538 4622 add.
561 4542 587 4622 ⁶)
610 4543 669 4640 qui
696 4542 798 4619 occisi
828 4546 936 4616 erent.
965 4542 1042 4613 add.
1067 4535 1092 4621 ³)
1117 4539 1264 4612 illorum.
1287 4537 1312 4624 ⁸)
1339 4541 1514 4612 ruonarorl.
1538 4541 1573 4614 S.
1601 4544 1743 4633 „postes

205 4649 294 4676 Α
397 4651 634 4748 lnonyorod.“
667 4670 734 4723 om.
761 4647 805 4722 A.
834 4642 860 4723 9)
898 4645 1121 4737 Zentepolug.
1166 4640 1204 4731 ¹⁰)
1237 4644 1464 4717 bohemorum.
1507 4640 1548 4719 ¹¹)
1582 4666 1744 4737 „cumque

220 4730 414 4823 md-
462 4797 511 4813 -ω
551 4798 591 4809 --
627 4759 720 4827 torro
760 4750 900 4828 saciet.“
946 4751 1039 4823 solus
1081 4750 1155 4824 Vr'.
1193 4744 1233 4828 ¹²)
1270 4748 1501 4821 bohemorum.
1541 4750 1617 4820 ado.
1663 4749 1742 4822 Vl'.

10 4846 65 5040 k
244 4813 325 4917 5²)
379 4853 698 4941 Salomonisuum
724 4862 835 4933 maur
864 4853 1070 4952 colloquium
1091 4852 1278 4949 interponit
1300 4853 1367 4930 VP.
1391 4853 1575 4930 Fortu..
1595 4876 1629 4949 p.
1655 4856 1740 4929 lto.
