3660 5506
834 289 989 392 „ar-

196 504 341 586 'eciam
374 503 503 612 ipsius
535 505 832 587 monasterium
866 506 1001 588 taliter
1033 516 1317 588 estvocatum.
1354 504 1489 589 Huius
1522 504 1620 612 qui-

209 628 304 709 dem
337 628 552 732 generacio
596 628 637 708 in
679 629 891 710 Pannonia
936 655 1020 710 non
1064 629 1250 730 habetur,
1285 628 1383 736 qnia
1420 628 1619 736 quamuis

208 775 384 831 uxorem
401 749 624 853 habuisset,
644 763 783 831 tamen
805 752 894 833 sine
927 750 1149 834 heredibus
1181 750 1316 831 finiuit
1331 751 1460 832 vitam
1477 765 1615 837 suam.

367 873 437 953 41.
469 871 565 954 Post
598 872 674 953 hec
707 873 757 954 de
791 869 1024 981 Almania¹)
1058 872 1318 979 Volphgerus
1360 873 1618 955 cumfratre

208 1020 283 1076 suo
315 988 560 1101 Hederico²)
593 995 645 1076 de
678 995 898 1078 comitibus
923 990 1237 1101 Houmburoh³)
1256 1008 1368 1076 ortus
1401 1022 1497 1077 cum
1531 1009 1617 1075 tre-

209 1116 338 1198 centis
371 1117 588 1225 dextrarys
619 1117 799 1200 faleratis
832 1118 1026 1221 introiuit,
1061 1117 1126 1199 cui
1173 1117 1258 1198 dux
1294 1117 1463 1225 Geycha
1495 1143 1618 1198 mon·

207 1252 291 1320 tem
326 1233 519 1346 Kisceu⁴)
552 1266 625 1347 pro
659 1239 862 1323 descensu
906 1253 1047 1322 eterno
1090 1239 1333 1321 contulissse
1367 1239 1617 1346 comproba·

208 1374 285 1465 tur,
312 1361 386 1443 ubi
420 1373 598 1444 castrum
632 1362 817 1468 ligneum
852 1358 1100 1469 edificauit⁵)
1133 1357 1356 1468 fecitque⁶)
1390 1361 1430 1441 in
1464 1361 1617 1443 eodem

208 1495 350 1565 monte
383 1484 606 1567 cenobium
639 1485 712 1567 ubi
745 1500 807 1568 est
838 1487 1080 1570 tumulatus.
1101 1483 1164 1565 De
1183 1483 1270 1565 istis
1304 1479 1495 1590 deinde7)
1529 1483 1617 1565 He-

209 1607 335 1688 derioi
365 1607 581 1711 generacio
614 1607 835 1690 deriuatur.

366 1729 436 1809 42.
469 1727 695 1810 Descendit
727 1757 895 1838 quoque
937 1729 988 1810 de
1031 1728 1205 1811 Bauaria
1236 1721 1517 1834 Vecellinus⁸)
1551 1728 1616 1809 vi·

209 1850 359 1931 delicet
391 1851 442 1932 de
460 1847 793 1960 neyzenburch⁹)
828 1854 1012 1961 quicum
1033 1864 1176 1935 sancto
1207 1845 1368 1957 rege¹⁰)
1401 1848 1616 1957 Stephano

208 1973 249 2053 in
293 1971 460 2080 Simigio
502 1969 717 2081 Cupan¹¹)
759 1975 909 2057 (lucem
952 1974 1175 2076 interfecit,
1219 1973 1460 2079 capitaneus
1501 1972 1616 2054 enim

209 2095 418 2178 exercitus
452 2095 588 2177 extitit
620 2096 689 2177 illo
721 2097 799 2178 die.
832 2097 897 2178 Ex
941 2097 1026 2180 istis
1065 2090 1209 2202 Jahn)
1246 2094 1430 2177 nascitur
1460 2094 1616 2202 princi·

208 2218 325 2325 pium
359 2229 400 2298 et
431 2217 553 2324 origo.
1406 2316 1410 2321 g

366 2341 435 2422 43.
472 2336 768 2448 Audierunt¹³)
803 2342 933 2422 eciam
979 2341 1054 2450 hys
1093 2341 1240 2423 dicbus
1281 2338 1399 2421 Hunt
1441 2352 1483 2420 et
1512 2338 1615 2420 Paz-

207 2456 368 2570 nan¹⁴)‚
395 2462 466 2569 qui
498 2474 688 2544 sanctum
721 2491 860 2569 regem
893 2459 1218 2570 Stephanum¹⁵)
1253 2462 1294 2542 in
1325 2460 1496 2543 flumine
1529 2460 1614 2542 Ga-

208 2579 373 2692 rany¹⁶)
406 2584 541 2690 gladio
573 2585 783 2667 teutonico
818 2611 931 2666 more
964 2586 1248 2667 accinxerunt.
1281 2583 1459 2667 Istorum
1491 2609 1613 2664 nam·

209 2734 291 2814 que
323 2707 538 2812 generacio
571 2707 623 2788 ab
657 2703 877 2815 eisdem¹⁷)
918 2708 1157 2790 nominibus
1178 2707 1348 2789 ,distare
1381 2731 1465 2787 non
1496 2704 1614 2786 vide-

208 2842 286 2911 tur.
313 2828 491 2911 Istorum
524 2829 664 2936 itaque
697 2831 896 2912 comitum
931 2831 1016 2913 dux
1038 2831 1352 2940 Geychafretus
1385 2826 1553 2929 auxilio,
1572 2839 1618 2910 et

208 2963 375 3034 sanctus
408 2978 481 3032 rex
516 2949 751 3059 Stephanus
783 2981 884 3037 suus
916 2952 1038 3056 filius,
1060 2969 1101 3034 et
1133 2953 1275 3034 diuino
1307 2949 1464 3058 pocius,
1487 2974 1615 3056 quos·

208 3073 302 3155 dam
346 3073 522 3157 rebelles
571 3101 778 3156 armorum
828 3075 1072 3177 terroribuS,
1116 3072 1337 3156 nonnullos
1382 3071 1615 3154 voluntarie

208 3208 504 3278 conuerterant
545 3196 595 3276 ad
641 3198 906 3303 baptismum.
946 3195 1059 3291 Quos
1102 3196 1269 3304 quidem
1313 3194 1484 3276 comites
1525 3207 1614 3276 tam

208 3317 296 3401 dux
329 3317 498 3427 Geycha
530 3344 656 3425 quarn
690 3319 798 3401 filius
830 3347 931 3402 suus
950 3319 1040 3402 latis
1060 3332 1100 3400 et
1132 3319 1281 3426 amplis
1314 3315 1615 3399 hereditatibus

207 3466 281 3549 pro
315 3441 496 3548 ipsorum
532 3435 771 3548 seruicio¹⁸)
805 3441 1001 3543 diffluere,
1020 3454 1143 3549 prout
1174 3452 1348 3549 apparet
1378 3467 1491 3522 nunc
1523 3464 1613 3520 ma-

207 3564 368 3645 nifeste.
401 3561 481 3658 Qui
525 3563 692 3671 quidem
737 3565 934 3672 temporis
977 3565 1019 3644 in
1063 3591 1260 3671 processu
1305 3561 1498 3668 hungaris
1539 3588 1616 3669 per

208 3696 444 3767 contractus
485 3686 844 3768 matrimoniorum
887 3698 984 3769 sunt
1026 3685 1219 3767 immixti.
1260 3687 1438 3768 Istorum
1480 3683 1615 3766 eciam

208 3807 378 3890 consilio
422 3820 464 3887 et
506 3808 661 3888 auxilio
704 3836 830 3914 snper
877 3810 1083 3913 hungaros
1126 3835 1200 3888 rex
1245 3821 1307 3890 est
1350 3805 1611 3908 constitutus

208 3930 432 4037 pluresque
466 3929 626 4011 nobiles
660 3931 784 4037 (lob)
819 3931 989 4037 hungari
1025 3930 1119 4012 (luci
1162 3929 1308 4038 Cupan
1352 3929 1612 4030 adherentes

209 4052 463 4159 baptismum
505 4051 715 4160 fidemque
758 4069 1001 4161 respuentes
1039 4053 1088 4134 ad
1124 4053 1260 4160 turpia
1299 4051 1475 4134 seruicia
1514 4063 1615 4132 sunt

208 4207 414 4214 ——-.--.-

369 4279 394 4368 ¹)
423 4274 599 4349 alemania.
639 4277 672 4349 S.
713 4277 891 4350 alamania.
921 4279 991 4353 VP.
1024 4280 1051 4367 ²)
1079 4276 1228 4350 hadrico.
1261 4277 1288 4368 ³)
1316 4274 1534 4348 houmburth.
1576 4274 1613 4348 S.

208 4379 388 4474 heinburg.
417 4382 486 4453 VP.
517 4383 545 4472 ί)
575 4383 609 4452 ct
637 4379 782 4454 insulam
810 4382 954 4476 Dannhy
982 4379 1071 4454 circa
1099 4380 1280 4454 laurinum
1308 4379 1402 4453 dedit
1430 4401 1491 4472 pro
1519 4378 1613 4454 dosa

208 4487 337 4573 eterno,
367 4484 423 4558 ubi
453 4487 602 4557 castrum
630 4485 780 4578 ligneum
811 4486 937 4560 faciens
967 4485 1047 4558 serit
1075 4509 1218 4578 uultque.
1246 4487 1315 4559 VP.
1347 4480 1375 4575 5)
1404 4480 1542 4557 faciens.
1573 4483 1613 4560 S.

211 4588 237 4678 ”)
268 4589 347 4661 fecit
376 4612 517 4683 quoquo.
547 4591 581 4662 S.
615 4586 642 4680 ’)
671 4614 736 4662 om.
768 4584 795 4681 8)
826 4591 997 4664 licelinus.
1030 4592 1064 4662 S.
1097 4584 1124 4678 ⁹)
1155 4593 1374 4683 uarnmbnrg.
1404 4589 1439 4661 S.
1473 4584 1515 4678 ¹⁰)
1544 4611 1613 4663 orn.

208 4693 282 4767 VP.
312 4717 387 4767 curn
416 4694 534 4787 Steph.
564 4697 691 4768 sancto.
721 4696 755 4767 S.
791 4691 832 4785 ¹¹)
861 4695 998 4789 (lupam.
1022 4696 1057 4767 S.
1093 4690 1135 4785 ¹²)
1155 4695 1254 4767 Jalo.
1277 4696 1345 4768 VP.
1374 4689 1613 4774 '⁸radie1unt.

212 4793 252 4880 ¹⁴)
281 4821 422 4893 paruan.
455 4802 490 4872 S.
523 4793 565 4889 ¹⁵)
594 4800 627 4872 S.
658 4800 707 4872 St.
740 4822 864 4893 rogem.
900 4796 940 4892 ”)
969 4822 1086 4894 goron.
1120 4792 1163 4890 ¹⁷)
1181 4798 1269 4873 istis.
1298 4794 1337 4881 ¹⁸)
1357 4796 1524 4873 seruitiis.
1539 4798 1612 4873 VP.
