3592 5490
889 339 1045 439 Q-

269 550 406 658 gariae
439 578 526 653 rex,
560 551 678 633 cuius
715 553 992 638 translationis
1034 556 1185 637 festum
1230 553 1377 634 colitur
1410 550 1552 659 quinto
1588 548 1669 630 kal.

267 673 381 777 dulii,
413 690 455 754 et
487 673 575 756 eius
608 674 808 781 depositio
842 678 1035 760 recolitur
1065 704 1174 758 anno
1207 675 1363 756 domini
1398 670 1564 754 MXCV.
1597 669 1670 753 IV.

268 794 358 878 Kal.
394 792 584 902 Augusti.
616 795 822 877 Fundavit
863 815 1003 882 autern
1047 800 1179 907 ipsam
1224 797 1441 879 ecclesiam
1481 808 1522 875 et
1552 793 1669 875 dedi·

270 917 380 999 cavit
409 919 449 998 in
483 918 680 999 honorem
714 919 976 1003 beatissimae
1019 922 1158 1003 matris
1192 919 1342 1002 Mariae
1375 917 1572 1023 Virginis3
1605 918 1670 997 in·

269 1041 444 1124 stituens
478 1041 609 1147 primo
653 1041 692 1120 in
737 1068 785 1122 ea
827 1044 1106 1151 praepositum
1149 1056 1189 1125 et
1232 1042 1452 1123 canonicos
1494 1064 1672 1120 numero

270 1163 412 1268 viginti
454 1178 630 1269 quatuor
671 1181 909 1271 computato
953 1166 1208 1273 praeposit03
1242 1179 1282 1246 et
1315 1163 1481 1245 tandem
1525 1161 1673 1242 evexit

271 1285 400 1393 ipsam
443 1285 482 1365 in
527 1285 827 1393 episcopalem,
874 1289 1013 1370 multis
1056 1287 1387 1395 possessionibus
1428 1284 1585 1366 iuribus
1629 1300 1674 1364 et

270 1406 561 1515 praerogativis
595 1408 761 1488 dotavit.
795 1407 873 1490 Sed
909 1438 1103 1517 processu
1145 1423 1379 1517 temporum
1414 1407 1573 1487 tartaris
1607 1420 1674 1486 to-

270 1545 357 1612 tum
391 1556 562 1635 regnum
598 1527 831 1636 Hungariae
864 1547 1049 1640 tempore
1082 1533 1205 1613 Belae
1239 1529 1342 1637 regis
1376 1529 1443 1610 lV.
1472 1528 1541 1608 filii
1578 1526 1670 1608 An·

270 1652 392 1733 dreae
425 1652 543 1757 regie,
576 1652 702 1759 patris
736 1669 903 1735 sanctae
937 1655 1158 1757 Elisabeth,
1181 1680 1289 1734 atilio
1322 1652 1478 1733 seilicet
1510 1651 1675 1731 domini

272 1775 492 1857 millesimo
526 1774 812 1857 ducentesimo
854 1778 1169 1884 quadragesimo
1211 1776 1343 1883 primo
1375 1773 1565 1856 flebiliter
1598 1772 1676 1852 de·

273 1897 551 2000 vastantibus,
594 1897 787 1980 omnibus
829 1900 1050 2006 privilegiis
1092 1898 1221 2006 ipsius
1265 1896 1476 1996 ecclesiae,
1509 1907 1679 2001 praeter

242 2020 481 2126 ·quondam
516 2019 775 2127 privilegium
805 2020 972 2103 Hernici
1006 2049 1114 2103 anno
1148 2020 1303 2102 domini
1324 2017 1538 2100 lllCClllo
1573 2043 1677 2099 con·

271 2143 440 2242 fectum,
474 2142 661 2224 alienatis
695 2158 736 2222 et
768 2144 1008 2245 combustis,
1039 2143 1219 2226 creditur
1250 2143 1360 2249 quod
1396 2140 1504 2221 dicta
1538 2141 1678 2221 ecele-

271 2264 331 2347 sia
361 2264 402 2344 in
438 2264 577 2346 multis
605 2264 723 2347 bonis
741 2281 782 2345 et
815 2266 973 2349 iuribus
1006 2267 1091 2349 suis
1125 2265 1388 2346 damnificata
1419 2261 1553 2344 tuerit.
1572 2254 1676 2345 Tes-

272 2400 381 2468 tatur
413 2386 524 2467 enim
559 2387 667 2467 idem
701 2416 775 2468 rex
817 2388 917 2470 Rela
951 2417 1024 2496 per
1064 2388 1323 2496 privilegium
1368 2414 1490 2468 suurn
1524 2384 1678 2466 confir-

272 2535 391 2590 mans
423 2507 561 2616 ipsum
583 2509 841 2616 privilegium
863 2510 1031 2592 Henrici
1065 2511 1180 2616 regis,
1198 2511 1254 2592 ita
1286 2508 1496 2616 inquiens:
1532 2507 1680 2614 „qnod

272 2660 368 2714 cum
401 2644 569 2739 propter
601 2632 926 2714 devastationem
960 2661 1067 2740 quae
1100 2662 1173 2742 per
1206 2647 1376 2714 tartaros
1409 2629 1542 2737 culpis
1576 2656 1678 2712 nos·

272 2755 342 2836 tris
375 2753 639 2860 exigentibus
671 2755 830 2856 accidit,
864 2757 1126 2862 permittente
1155 2755 1321 2836 domino
1346 2753 1454 2835 sicut
1480 2751 1679 2853 creditur,

271 2876 486 2985 priuilegia
518 2877 717 2960 ecclesiae
749 2891 912 2959 nostrae
931 2877 1203 2980 Varadiensis,
1227 2903 1352 2983 super
1376 2873 1679 2957 donationibus

273 3000 408 3081 eidem
442 2998 641 3082 ecclesiae
673 3000 802 3100 factis,
837 3001 875 3081 in
910 3028 993 3107 qua
1025 3001 1192 3108 quidem
1237 3025 1385 3106 corpus
1425 2995 1680 3079 sanctissimi

274 3120 600 3230 praedecessoris
632 3122 760 3204 nostri
792 3123 897 3228 regis
930 3123 1106 3205 Ladislai
1139 3120 1428 3204 venerabiliter
1450 3119 1678 3225 conquies-

275 3245 341 3347 cit,
373 3244 533 3353 perdita
557 3245 732 3327 fuissent
765 3261 805 3325 et
838 3246 1066 3347 combusta,
1101 3260 1142 3325 et
1173 3245 1306 3327 solum
1342 3241 1550 3349 quoddam
1589 3241 1678 3348 pri-

275 3367 470 3472 vilegium
504 3368 608 3472 regis
640 3367 807 3448 Hemici
823 3367 916 3474 piae
936 3367 1228 3449 recordationis
1244 3367 1432 3447 illaesum
1451 3363 1677 3445 remansis·

275 3504 349 3590 set,
382 3489 623 3572 donationes
642 3491 842 3597 quasdam
862 3491 1116 3572 continens.“
1152 3488 1322 3571 Perditis
1355 3512 1451 3568 vero
1484 3497 1526 3567 et
1558 3510 1678 3566 corn-

275 3612 408 3695 bustis
442 3612 596 3693 eisdem
631 3612 852 3720 privilegiis
885 3625 973 3694 orta
999 3613 1077 3694 luit
1103 3613 1268 3693 tandem
1292 3610 1397 3691 inter
1429 3608 1678 3715 episcopum

277 3751 317 3815 et
349 3759 424 3816 nos
458 3734 672 3838 discordia,
706 3751 747 3814 et
779 3735 948 3816 demum
981 3735 1123 3817 sedata
1156 3761 1229 3841 per
1256 3730 1545 3813 Lodomerium
1564 3731 1677 3837 epis·

277 3883 441 3964 copum,
478 3871 600 3963 prout
641 3857 817 3939 habetur
857 3857 1006 3940 clarius
1048 3858 1153 3938 insra
1195 3856 1273 3938 sub
1315 3854 1433 3935 tertia
1473 3851 1679 3960 particula

277 3978 458 4087 capitulo
490 3979 555 4061 I·o
588 3980 639 4060 de
672 3980 966 4062 instrumentis.
1008 3979 1105 4060 Erat
1147 3993 1287 4061 autem
1321 3977 1465 4058 eadem
1499 3974 1680 4057 ecclesia

278 4130 329 4182 ex
363 4102 496 4208 prisea
528 4101 768 4182 fundatione
801 4102 862 4185 sui
897 4102 1081 4209 speciosa
1115 4102 1224 4202 satis,
1258 4100 1329 4181 sed
1370 4097 1534 4179 tandem
1576 4096 1680 4177 fecit

278 4252 368 4305 eam
403 4223 644 4330 ampliorem
680 4225 719 4304 in
753 4224 1007 4330 longitudine
1041 4224 1227 4305 Andreas
1256 4223 1490 4329 episeopus,
1508 4235 1549 4299 et
1568 4219 1678 4300 mul·

278 4346 469 4454 tipliciter
501 4346 721 4448 decoravit,
755 4346 862 4428 sicut
894 4361 1007 4455 patet
1024 4346 1291 4427 intuentibus.
1317 4342 1557 4423 Novissimis
1577 4368 1678 4420 vero

278 4470 424 4550 diebus
457 4468 566 4548 idem
599 4496 708 4550 anno
740 4469 958 4551 millesimo
983 4468 1271 4550 tercentesimo
1292 4516 1361 4531 ---
1395 4464 1578 4545 secundo
1615 4462 1679 4543 in·

278 4592 443 4673 cboavit
474 4591 594 4672 aliam
639 4592 869 4693 ecclesiam,
904 4620 1010 4698 quae
1054 4590 1229 4699 priorem
1273 4615 1349 4671 sna
1391 4585 1679 4691 magnitudine

278 4714 577 4818 circumcinxit,
612 4728 652 4795 et
692 4715 969 4823 pulcritudine
1012 4731 1247 4820 exsuperat,
1290 4728 1330 4792 et
1371 4708 1680 4792 corisummavit

279 4864 422 4925 omnes
455 4835 579 4923 cellas
613 4838 720 4921 eirca
752 4838 935 4945 chorum,
969 4850 1131 4950 praeter
1163 4834 1391 4921 testudines
1418 4858 1521 4945 quas
1538 4831 1678 4945 perfe-
