3592 5490
663 347 668 359 ’
775 387 931 489 -ee-

149 606 339 688 vincitun
372 604 418 685 lu
453 631 535 711 quo
570 605 698 711 prelio
731 605 816 685 fere
850 604 1105 709 extinguitur
1138 605 1288 686 milicia
1304 605 1417 710 regni
1434 604 1553 687 Hun-

149 730 272 834 garie.
320 727 474 808 Tartari
509 727 639 808 tribus
672 727 790 808 armis
825 722 1078 808 manserunt
1107 728 1184 828 ibi,
1234 742 1275 808 et
1315 728 1413 835 quia
1454 740 1553 809 tunc

150 851 323 955 hungari
356 851 560 931 seminare
594 876 675 929 nou
712 863 911 956 poterant,
945 863 1038 959 post
1070 863 1313 941 tartarorum
1343 878 1553 932 recessum

151 975 281 1054 multo
316 972 454 1079 plures
488 999 539 1049 ex
577 972 769 1074 hungaris
801 971 912 1051 farne
945 971 1167 1078 perierunt.
1210 971 1305 1052 Post
1337 973 1414 1053 hoe
1456 972 1555 1053 Bela

150 1096 275 1200 gessit
326 1093 481 1175 bellum
541 1110 682 1172 contra
735 1094 884 1174 ducem
943 1095 1105 1175 Austrie
1142 1085 1409 1176 ‘Friderieum
1458 1109 1553 1175 aute

150 1218 310 1298 Nouam
346 1216 570 1307 ciuitatem,
613 1216 682 1294 sed
718 1217 817 1295 sseia
858 1217 1116 1322 triumphum
1162 1218 1349 1324 perdidit.
1393 1217 1553 1297 Deinde

150 1339 351 1449 pugnauit
401 1367 494 1416 eum
546 1335 750 1418 Othoearo
796 1366 889 1442 rege
934 1339 1229 1439 bohemorum,
1279 1352 1320 1418 et
1368 1339 1474 1443 fugit
1513 1339 1553 1419 iu
1620 1349 1623 1354 ’

150 1461 401 1570 Hayuburg3
434 1486 528 1539 nam
565 1459 604 1538 iu
640 1460 774 1567 preiys
809 1462 977 1541 minime
1011 1474 1097 1542 erat
1128 1462 1373 1545 fortunatus,
1422 1461 1554 1543 Huius

149 1585 255 1689 regis
289 1598 474 1688 tempure
507 1582 558 1661 de
591 1609 700 1662 anno
742 1583 897 1663 domiui
942 1581 1184 1664 MCCLXHI
1225 1583 1344 1690 plebs
1381 1583 1551 1689 flagellis
1598 1594 1603 1603 '

150 1732 193 1788 se
240 1705 424 1786 feriendo
480 1705 767 1785 uniuersaliter
814 1691 1080 1786 discurrebat.
1130 1704 1241 1813 Obyt
1288 1722 1426 1786 autern
1476 1733 1550 1785 rex

150 1856 259 1910 anno
316 1826 468 1906 domini
518 1824 764 1927 MCCLXX,
814 1826 1001 1935 Strigony
1050 1827 1239 1934 sepultus
1288 1828 1327 1908 in
1378 1828 1553 1908 ecelesia

150 1952 320 2031 fratrum
357 1949 574 2047 minorum,
609 1976 734 2054 (pram
770 1949 905 2029 adhuc
938 1949 1085 2031 vinens
1117 1950 1215 2030 fecit
1250 1950 1443 2035 inchoari.
1472 1949 1550 2030 Sed

151 2072 366 2178 Philippus
414 2070 753 2177 archiepiscopus
801 2071 955 2152 fecerat
998 2098 1147 2178 eorpus
1196 2072 1433 2171 exhuruari3
1481 2072 1552 2153 sed

152 2221 280 2276 causa
312 2194 352 2272 in
385 2218 555 2272 romana
587 2193 699 2272 eurio
731 2193 949 2294 ventilata,
992 2195 1136 2275 fratres
1178 2208 1473 2302 recuperarunt
1514 2209 1555 2275 et

151 2316 413 2398 tumularunt
446 2314 659 2395 riceuersa
691 2328 786 2395 ante
825 2314 950 2395 altare
994 2317 1115 2396 beate
1160 2317 1346 2420 virginis3
1388 2317 1457 2397 ubi
1500 2316 1555 2423 hy

151 2465 301 2520 versus
335 2436 608 2516 continentur.

313 2559 464 2665 Aspice
498 2586 582 2637 rern
617 2584 752 2638 caram
787 2572 868 2639 tres
902 2559 1073 2663 cingunt
1105 2560 1271 2665 virginis
1305 2587 1417 2641 aram

310 2680 398 2760 Rex
432 2680 517 2760 dux
553 2683 692 2785 regina
726 2682 878 2788 quibus
911 2683 1040 2763 assint
1071 2683 1221 2787 gaudia
1253 2682 1369 2763 trina.

307 2801 417 2883 Dum
454 2802 569 2882 licuit
602 2817 673 2883 tua
706 2805 804 2883 dum
841 2804 970 2907 viguit
1002 2833 1072 2884 rex
1111 2805 1208 2885 Reia
1243 2819 1434 2912 potestas

308 2925 435 3005 Fraus
468 2924 588 3005 latuit
619 2953 704 3032 pax
737 2926 854 3006 firma
874 2927 982 3025 -fuit3
1015 2928 1202 3031 regnauit
1234 2927 1439 3008 honestas.

579 3199 841 3303 Stephanus
868 3208 1127 3280 coronatur.

307 3414 376 3499 60.
414 3413 508 3495 Post
524 3413 665 3493 Beiarn
700 3413 807 3494 tilius
840 3414 928 3492 eius
953 3413 1188 3520 Stephanus
1221 3414 1553 3520 regnauitsuper

147 3548 277 3615 totam
319 3535 587 3640 Huugariam.
629 3533 708 3629 Qui
742 3534 994 3615 Othocarurn
1030 3563 1168 3640 regem
1203 3537 1475 3618 bohemorum
1509 3536 1550 3615 in

146 3656 400 3761 Hungariam
443 3686 538 3737 cum
584 3657 770 3738 bohemis
803 3657 1052 3739 australibus
1085 3657 1550 3762 brardeuburgeusibus

145 3771 196 3858 ac
229 3781 374 3861 ceteris
408 3779 547 3861 mixtis
580 3781 772 3883 gentibus
806 3807 899 3861 oum
936 3781 1126 3886 potencia
1160 3781 1393 3860 venientem
1434 3792 1549 3860 ante-

145 3900 320 3983 fluuium
356 3901 524 4008 Rapeha
556 3902 710 3982 deuicit
758 3901 925 3982 viriliter
959 3918 1000 3981 et
1033 3903 1202 4007 fugauit.
1252 3901 1439 3983 Mortuus
1488 3914 1550 3983 est

146 4049 258 4104 anno
292 4025 419 4104 tercio
453 4024 564 4130 regni
599 4025 675 4125 sni,
709 4024 897 4131 sepultus
931 4024 970 4104 iu
1005 4024 1141 4106 insula
1173 4025 1364 4107 Budonsi.

382 4298 630 4380 Ladinlaun
656 4296 781 4379 filius
808 4296 1032 4403 Stephani
1058 4306 1315 4380 coronatur.

306 4513 377 4592 61.
411 4511 487 4592 Hic
519 4513 732 4594 Ladislaus
773 4541 847 4593 rex
890 4514 1114 4594 adiuuante
1156 4514 1401 4620 imperatore
1442 4514 1550 4594 occi-

146 4632 208 4714 dit
240 4632 491 4716 Othocarum
528 4636 566 4714 iu
602 4636 742 4741 prelio.
779 4639 899 4715 Anno
943 4635 1096 4716 domini
1140 4634 1445 4718 MCCLXXXV
1485 4663 1550 4718 sc·

147 4756 286 4836 cunda
318 4756 409 4836 vice
441 4759 577 4837 tartari
614 4759 872 4838 intrauerunt
902 4756 1169 4863 Hungariam‚
1205 4770 1245 4838 et
1276 4759 1549 4866 usquePesth

146 4877 288 4961 omnia
320 4878 657 4994 combusserunt
687 4879 738 4959 Et
770 4879 982 4964 Ladislaus
1017 4880 1208 4987 quamuis
1242 4881 1413 4961 haberet
1445 4907 1549 4963 uxo-
