3660 5506
896 346 914 409 7

832 438 986 447 -ι--ι

207 563 407 646 nitatibus
455 561 606 664 dedite,
643 573 788 642 nature
832 558 1103 666 dedignantis
1137 559 1297 642 actibus
1330 563 1516 645 venereis
1550 563 1611 644 in·

205 686 436 788 tendentes
456 683 619 791 rapinas
641 694 793 784 amant,
817 682 1062 788 generaliter
1086 681 1180 787 plus
1214 683 1328 789 nigre
1352 712 1478 790 quarn
1503 686 1609 767 albe.

205 807 345 917 Scytia
377 807 485 888 enirn
521 804 893 912 comprehensione
928 831 1011 886 una
1044 803 1231 908 cingitur,
1257 806 1330 886 sed
1365 807 1406 887 in
1439 807 1515 888 tria
1548 836 1610 890 re·

206 957 288 1037 gua
320 929 519 1011 diuiditur
545 926 829 1035 principando,
863 926 1021 1008 seilicet
1033 921 1061 1032 ¹)
1097 924 1137 1006 in
1169 926 1433 1009 Bascardiarn
1466 930 1612 1011 Benci·

206 1047 317 1159 am²)
351 1065 391 1134 et
432 1050 668 1156 Magoriam.
701 1048 840 1130 Habet
880 1074 1048 1156 quoque
1092 1049 1325 1155 prouincias
1364 1049 1396 1131 O
1430 1067 1470 1132 et
1506 1052 1608 1136 VIII.

207 1201 289 1282 que
323 1173 482 1255 (ludum
517 1200 591 1280 per
622 1170 891 1253 liliosHunor
913 1186 954 1253 et
987 1170 1137 1274 Magon
1156 1171 1209 1250 ob
1243 1186 1412 1253 centurn
1447 1186 1487 1253 et
1519 1188 1611 1255 octo

209 1296 436 1404 progenies,
459 1322 541 1403 que
575 1321 737 1400 egresse
768 1294 939 1375 luerunt
960 1321 1013 1373 ex
1047 1292 1272 1374 lemoribus
1306 1295 1532 1376 eorundem
1559 1297 1610 1378 de

209 1418 432 1527 paludibus
466 1415 679 1524 llleotydis,
714 1416 913 1498 intrantes
949 1414 1129 1523 Scytiarn
1163 1429 1262 1496 sunt
1293 1416 1437 1498 diuise.
1471 1417 1611 1524 Regno

208 1553 349 1623 autem
382 1539 537 1648 scytico
571 1539 622 1619 de
656 1537 811 1619 oriente
845 1566 1018 1644 regnum
1053 1536 1235 1641 iungitur
1264 1537 1542 1641 -Jurianorum,
1572 1554 1613 1621 et

209 1680 304 1770 post
345 1662 422 1742 hec
464 1660 616 1762 Tarsia
650 1661 818 1741 tandem
862 1686 960 1742 vero
1005 1658 1219 1764 llaugalia‚
1254 1661 1326 1742 ubi
1368 1677 1409 1741 et
1449 1663 1614 1771 Iluropa

210 1784 464 1866 terminatur.
502 1783 566 1864 Ex
599 1783 721 1889 plaga
753 1796 894 1864 autern
927 1781 1089 1865 estiuali
1128 1782 1330 1863 subsolari
1373 1811 1475 1887 gens
1507 1786 1615 1866 iacet

210 1905 453 1989 Corosmiua
485 1922 527 1986 et
546 1905 762 2014 Ethyopia,
782 1932 864 2011 que
889 1905 1022 1985 minor
1054 1903 1172 1984 India
1204 1901 1406 2012 dicitrn·³)‚
1426 1922 1467 1986 et
1499 1922 1612 2014 post·

210 2024 329 2135 bec⁴)
365 2029 474 2109 inter
507 2027 721 2108 meridiem
760 2043 800 2107 et
833 2054 1000 2109 cursum
1036 2024 1127 2105 Dcu
1160 2025 1276 2110 lluuii
1309 2042 1372 2109 est
1403 2029 1612 2112 desertum

209 2151 460 2249 immeabile,
504 2149 575 2231 ubi
618 2161 785 2256 propter
828 2149 1115 2256 intemperiem
1159 2147 1278 2231 aieris
1324 2146 1472 2256 illius⁵)
1517 2179 1614 2233 rane

210 2273 334 2355 velud
379 2272 504 2380 porci,
538 2270 765 2372 basiliscus
800 2286 841 2351 et
882 2272 1001 2378 plura
1043 2270 1239 2351 animalia
1281 2271 1463 2352 toxicata
1504 2273 1615 2380 tigris

210 2408 254 2477 et
285 2395 493 2476 unicornis
525 2394 581 2474 ibi
613 2406 873 2499 generantur.
903 2391 996 2472 Dou
1028 2391 1192 2497 grandis
1226 2390 1322 2502 (lb)
1356 2393 1508 2478 ssunIus
1542 2412 1615 2499 est,

210 2519 255 2601 in
287 2516 425 2625 Scytia
467 2516 595 2597 oritur
637 2516 689 2596 ab
735 2514 929 2620 hungaris
972 2514 1067 2595 Etul
1112 2529 1388 2621 nuncupatur,
1428 2531 1469 2597 et
1503 2514 1614 2625 ubi⁶)

212 2652 375 2721 montes
419 2638 565 2719 niueos
609 2637 680 2744 qui
723 2635 905 2744 Scytiam
947 2637 1120 2742 cingunt
1166 2638 1421 2741 transcurrit,
1466 2641 1617 2723 amisso

212 2761 382 2843 nornine
399 2759 493 2841 Don
511 2773 695 2841 vocatur.
713 2758 831 2840 Circa
852 2759 1007 2839 etenim
1018 2754 1048 2865 7)
1069 2757 1284 2840 meridiem
1304 2761 1420 2843 iuxta
1430 2756 1461 2867 8)
1480 2763 1617 2871 ipsum

211 2884 322 2966 iacet
352 2909 453 2990 gens
476 2883 746 2991 Kytanorum,
766 2895 807 2962 et
838 2908 939 2987 gens
960 2880 1198 2963 Alanorum.
1220 2882 1405 2964 'landem
1441 2884 1480 2965 in
1507 2912 1616 2966 mare

142 3026 146 3031 ·
213 3006 325 3088 cadit
367 3005 592 3086 rotundum
634 3003 765 3086 tribus
808 3001 1066 3087 ramusculis.
1106 3002 1220 3084 Alter
1261 3032 1428 3113 quoque
1465 3006 1617 3089 fluuius

214 3128 384 3211 nomine
417 3120 641 3233 'l'agatha⁹)
675 3126 796 3208 valde
831 3154 1005 3233 magnus
1039 3127 1079 3206 in
1113 3152 1239 3231 reguo
1274 3129 1455 3210 nascitur
1487 3129 1618 3238 teyti-

214 3278 372 3350 coruru,
410 3250 481 3358 qui
524 3275 598 3356 per
640 3248 766 3330 siluas
799 3249 912 3330 vadit
950 3243 1211 3354 desertas¹⁰),
1245 3263 1287 3329 et
1328 3250 1383 3332 ibi
1417 3252 1546 3358 vergit
1577 3252 1620 3332 in

214 3400 331 3455 mare
363 3372 579 3481 aquilonis.
621 3371 851 3476 Longitndo
895 3366 1165 3477 siquidem¹¹)
1209 3369 1346 3479 Scytie
1387 3374 1518 3481 patrie
1551 3374 1620 3456 tri·

215 3496 366 3599 centis,
410 3508 451 3576 et
492 3493 707 3599 sexaginta
749 3493 889 3599 stadys
933 3493 1102 3573 extendi
1144 3493 1401 3599 perhibetur,
1442 3497 1620 3578 latitudo

216 3630 389 3699 centum
422 3611 526 3722 et¹²>
550 3615 784 3720 nonaginta.
803 3614 934 3696 Situm
970 3616 1080 3695 enirn
1114 3614 1240 3696 habet
1258 3618 1379 3724 (tam)
1401 3619 1619 3721 munitum,

216 3740 334 3848 quod
366 3740 407 3819 in
440 3739 526 3820 solo
560 3737 650 3817 loco
688 3763 772 3818 nuo
807 3737 1050 3844 paruissimo
1083 3737 1214 3819 vadus
1248 3734 1368 3847 ibi¹³)
1408 3741 1618 3847 reperitur,

216 3880 389 3971 propter
420 3854 595 3968 quod¹⁴)
629 3858 706 3967 ipsi
740 3858 862 3967 Scyte
904 3859 1006 3941 nulli
1050 3859 1221 3966 imperio
1264 3888 1342 3942 nee
1376 3863 1501 3944 etiam
1533 3889 1622 3944 ma·

217 3984 419 4066 cedouico
451 3983 590 4090 aliquo
624 3997 809 4089 tempore
842 3996 940 4063 sunt
972 3981 1158 4082 subiecti,
1182 3996 1223 4063 et
1254 3998 1466 4090 protento
1499 4012 1622 4067 voea-

218 4101 380 4212 mus¹⁵)
413 4131 484 4188 eos
523 4103 736 4211 Demptm,
771 4104 811 4184 id
845 4120 908 4185 est
943 4098 1207 4211 exceptos¹⁶)
1252 4106 1305 4186 ab
1338 4108 1451 4189 omni
1482 4122 1622 4216 potes·

383 4325 408 4410 ¹)
442 4352 507 4403 orn.
537 4328 572 4401 S.
604 4322 629 4405 ²)
662 4327 832 4402 Dentiam.
864 4322 891 4410 8)
924 4350 988 4400 om.
1020 4328 1055 4400 S.
1086 4323 1114 4410 ⁴)
1146 4328 1279 4403 deinde.
1309 4331 1349 4403 B.
1381 4325 1408 4411 ⁵)
1431 4355 1515 4405 zone
1543 4338 1623 4407 sunt

219 4437 401 4530 serpentes
441 4432 567 4506 diuersi
604 4432 752 4527 generis.
791 4434 867 4506 add.
900 4429 927 4514 6)
956 4432 1015 4505 ibi.
1048 4427 1074 4501 τ)
1098 4430 1198 4506 enim.
1229 4428 1256 4515 8)
1280 4435 1379 4511 circa.
1410 4439 1450 4510 B.
1482 4431 1509 4518 ⁹)
1533 4437 1622 4511 Tho-

219 4547 318 4636 gata.
358 4541 427 4612 VP.
457 4539 600 4633 Togata.
631 4540 670 4611 B.
705 4534 745 4616 ¹⁰}
788 4539 950 4631 ‚paludes
978 4541 1012 4609 et
1041 4542 1173 4611 rnonles
1211 4539 1339 4629 niueae,
1370 4541 1425 4614 nbi
1459 4543 1510 4615 sol
1538 4566 1623 4615 nun-

220 4667 327 4739 quam
355 4644 455 4732 lucet,
484 4642 592 4717 intrat
620 4643 757 4716 landem
783 4641 818 4715 in
848 4641 1050 4716 Irrnnianr.“
1086 4686 1130 4694 -
1161 4643 1294 4718 desunt.
1331 4641 1370 4726 ¹¹)
1398 4645 1534 4740 qnlnn
1554 4649 1623 4720 VP.

219 4752 265 4825 B.
300 4742 341 4830 ¹¹)
366 4771 430 4822 om.
463 4749 531 4822 VP.
566 4745 606 4832 ¹¹¹)
631 4748 719 4821 radu
747 4747 860 4821 alltus
888 4747 980 4821 illuc.
1011 4750 1050 4821 B.
1086 4743 1125 4828 ¹⁴)
1159 4748 1232 4822 hoc.
1263 4752 1304 4824 B.
1338 4744 1378 4833 ι5)
1416 4751 1518 4826 etiam
1546 4752 1623 4829 ald.

84 4866 95 4945 ῑ-
220 4856 265 4937 Β.
299 4848 343 4936 ¹⁶)
363 4857 551 4950 exemplos.
581 4855 652 4930 VP.
686 4851 822 4943 „idest
854 4896 896 4906 -
928 4854 1083 4929 Dentos“
1113 4874 1178 4928 om.
1208 4856 1249 4930 Β.
1278 4854 1313 4931 S.

84 4954 105 5127 ἱ
