3660 5506
835 361 872 425 51

158 600 248 655 esse
283 589 442 683 poterat
474 576 525 656 de
558 576 765 684 pudicicia
806 577 950 658 uxoris
982 600 1058 657 suc
1091 574 1157 656 vel
1198 573 1281 655 filie
1324 568 1440 682 sue¹)
1485 601 1561 657 seu

155 698 304 780 sororis
336 698 567 802 virginitate
612 713 779 805 propter
819 691 1038 804 insultus²)
1076 696 1302 779 satellitum
1336 697 1454 802 regis,
1488 698 1560 804 qui

157 843 227 899 eas
270 820 442 927 impune
474 821 696 903 violabant.
734 820 932 903 Videntes
974 832 1113 900 autem
1125 815 1156 927 ³)
1200 819 1408 927 principes
1441 816 1559 900 Hun-

156 941 266 1044 garie
298 955 412 1023 tanta
447 944 555 1023 mala
587 943 719 1049 gentis
751 971 826 1026 sue
859 971 941 1050 que
974 956 1116 1025 contra
1149 939 1286 1023 Deum
1319 942 1377 1024 eis
1410 942 1559 1023 infere-

156 1063 318 1163 bantur,
353 1066 658 1146 communicato
701 1066 870 1146 consilio
911 1078 1161 1170 rogauerunt
1204 1090 1356 1169 regem,
1391 1076 1437 1146 ut
1467 1092 1559 1171 pre-

155 1186 312 1291 ciperet
344 1186 428 1267 suis
462 1215 485 1268 a
519 1203 603 1267 tam
637 1187 869 1269 detestabili
903 1213 1027 1295 opere
1061 1186 1272 1268 desistere.
1301 1185 1388 1267 Rex
1418 1181 1556 1294 vero⁴)
1675 1192 1677 1196 ’

157 1307 293 1389 fausto
327 1309 519 1416 superbie
553 1309 717 1391 iullatus
750 1310 991 1417 pestiferum
1025 1308 1290 1419 preconoepti
1315 1309 1466 1391 veneni
1497 1309 1558 1389 fe·

154 1441 284 1510 torem
320 1431 360 1510 iu
396 1432 659 1538 propatulum
686 1432 830 1513 effudit
855 1427 1058 1537 dicens⁵):
1081 1429 1122 1511 Si
1143 1430 1400 1537 aliquamdiu
1432 1457 1557 1514 sanus

152 1552 282 1654 them,
318 1579 463 1634 omnes
497 1553 652 1635 iudices
685 1573 768 1634 tam
804 1554 1050 1637 clarissimos
1084 1566 1125 1632 et
1149 1553 1408 1659 spectabiles,
1430 1580 1556 1660 quam

151 1673 374 1779 pedaneos
408 1675 672 1758 centuriones
715 1689 755 1755 et
798 1677 927 1756 eciam
970 1669 1255 1781 decuriones⁶)
1297 1700 1346 1756 ao
1385 1675 1556 1777 villicoS,

146 1820 381 1902 omnesque
415 1797 622 1904 principes
656 1814 697 1877 et
728 1811 953 1904 potestates
985 1798 1026 1877 in
1060 1823 1186 1901 reguo
1223 1790 1433 1902 Hungarie
1465 1810 1556 1879 teu-

148 1917 310 1999 tonicos
343 1919 604 2018 constituam,
637 1935 679 2000 et
712 1936 859 2001 terram
890 1921 978 2002 eius
1004 1919 1237 2025 hospitibus
1258 1914 1483 2026 implebol)
1517 1932 1558 2000 et

151 2064 244 2119 eam
278 2039 569 2121 uniuersaliter
599 2043 639 2121 iu
675 2055 920 2148 potestatem
955 2041 1258 2123 teutonicorum
1293 2039 1557 2146 1·edigam.Et

150 2160 336 2243 dicebat:
369 2160 458 2243 Hoc
492 2189 642 2244 nomen
679 2163 889 2270 Hungaria
931 2163 1164 2245 deriuatum
1199 2179 1261 2245 est
1293 2164 1345 2244 ab
1379 2164 1554 2268 angaria,

147 2296 195 2362 et
227 2283 317 2365 ideo
359 2285 435 2392 ipsi
469 2284 623 2366 debent
655 2287 865 2391 angariari.
890 2285 979 2366 Heo
1003 2286 1142 2391 itaque
1173 2285 1341 2367 fuerunt
1372 2287 1557 2366 fomenta

149 2402 354 2487 discordie
387 2408 493 2487 inter
526 2407 816 2514 rutupi-um
851 2436 988 2513 regem
1023 2421 1065 2489 et
1097 2408 1315 2514 hungaros

308 2523 377 2611 73.
414 2531 537 2610 Anno
569 2525 730 2636 igitur⁸)
763 2531 870 2612 Petri
911 2531 1016 2636 regis
1049 2530 1175 2610 tercio
1209 2530 1416 2637 principes
1448 2529 1556 2610 lum-

148 2675 340 2754 garorum
375 2665 415 2732 et
447 2651 598 2734 milites
632 2654 800 2734 consilio
839 2655 1127 2760 cpiscoporum
1162 2665 1450 2733 conuenerunt
1482 2651 1555 2732 ad-

149 2798 300 2855 uersus
344 2773 509 2854 Petrum
552 2801 704 2878 regem,
738 2789 778 2854 ot
819 2776 976 2856 solicite
1018 2774 1259 2881 querebant,
1298 2775 1331 2855 si
1372 2774 1555 2880 aliquem

150 2894 205 2974 de
238 2894 363 3000 regali
395 2895 592 3002 progenie
624 2896 665 2976 iu
700 2924 825 3001 regno
858 2915 957 2979 tunc
984 2897 1170 2978 inuenire
1195 2911 1375 3003 possent,
1400 2896 1471 3002 qui
1503 2895 1554 2975 ad

149 3018 468 3121 gubernandum
512 3045 687 3123 regnum
731 3034 840 3102 essct
881 3017 1066 3100 idoneus.
1108 3016 1301 3124 Cumque
1344 3018 1553 3098 neminem

149 3138 277 3219 talem
315 3140 354 3219 in
397 3165 524 3244 regno
565 3140 752 3222 inuenire
796 3142 1038 3248 potuissent,
1072 3141 1287 3245 clegerunt
1317 3140 1370 3219 de
1402 3152 1555 3220 semet·

150 3260 252 3366 ipsis
285 3261 493 3367 quendam
539 3263 732 3344 comitem
779 3265 944 3343 nomine
987 3262 1136 3362 hbam,
1178 3262 1379 3342 sororium
1424 3261 1555 3342 sancti

151 3382 259 3486 regis
291 3381 502 3489 Stephani,
521 3397 562 3463 et
595 3411 690 3465 eum
725 3413 924 3492 superse
959 3412 1096 3488 regern
1127 3385 1444 3481 oonstitueruut.
1466 3384 1556 3463 Aba

151 3531 250 3584 vero
283 3520 528 3610 congregato
562 3508 840 3612 hungarorum
879 3507 1065 3588 exercitu
1107 3518 1249 3586 coutra
1292 3505 1457 3586 Petrum
1495 3532 1555 3585 re·

149 3652 246 3731 gem
290 3627 489 3733 processit
533 3627 792 3734 preliaturus.
837 3629 980 3710 Petrus
1021 3642 1161 3710 autem
1207 3654 1279 3708 rex
1324 3628 1468 3708 videns
1511 3654 1555 3708 se

149 3748 429 3852 hungarorum
465 3749 621 3830 auxilio
664 3750 921 3850 destitutum,
956 3751 1226 3831 vehementer
1268 3775 1555 3856 expallescens

148 3870 370 3974 transfugit
402 3871 440 3950 iu
478 3871 691 3952 llauariam
731 3868 935 3979 llemicil)
965 3874 1069 3977 regis
1102 3871 1405 3954 teutonicorum
1440 3871 1557 3952 adiu·

150 3991 302 4072 lorium
345 3993 650 4099 imploraturus
683 3993 802 4074 Petro
844 3994 983 4100 itaque
1017 4021 1091 4101 per
1133 3995 1274 4100 fugam
1309 4022 1331 4074 e
1365 3994 1557 4075 manibus

149 4113 431 4218 hungarorum
469 4116 610 4222 elapso
644 4115 815 4219 hungari
859 4117 1223 4197 sceleratissimum
1268 4116 1428 4196 Budam
1462 4115 1557 4195 bar·

152 4268 360 4275 mm

311 4339 337 4428 ¹)
366 4359 430 4409 om.
462 4341 490 4427 2)
519 4339 695 4412 insultum.
713 4339 753 4411 V.
785 4334 813 4431 ³)
842 4338 958 4432 igitur.
989 4343 1018 4429 ⁴)
1048 4334 1557 4431 auten1.va.⁵)mecpau10

145 4440 274 4514 alitor:
303 4443 415 4514 fausto
445 4467 519 4537 sup.
549 4442 640 4516 infla.
671 4466 719 4516 ao.
750 4445 865 4517 furore
893 4433 1059 4517 malitiam
1087 4467 1185 4537 quam
1214 4442 1252 4515 in
1282 4442 1380 4516 cordo
1415 4443 1557 4538 gerebat

146 4551 184 4619 ct
213 4545 246 4618 iu
276 4545 400 4634 animo,
431 4547 551 4620 effudit
587 4547 623 4620 in
650 4549 767 4641 patulo
805 4548 853 4621 ita
891 4548 1015 4621 dicens
1045 4549 1086 4621 A.
1125 4547 1236 4621 Ceteri
1274 4546 1376 4621 Godd.
1415 4569 1555 4620 consen-

147 4651 242 4723 tiunt
279 4674 355 4722 curn
392 4655 519 4725 nostro.
561 4648 587 4733 ⁰)
625 4675 690 4724 om.
730 4653 799 4725 VP.
841 4647 867 4732 7)
902 4658 1093 4746 terramque
1138 4651 1318 4746 Hungarie
1360 4649 1555 4744 hospitibus

145 4754 355 4850 adimplebo,
386 4760 419 4828 et
447 4755 633 4828 dominium
660 4757 793 4829 tradam
814 4757 994 4829 teutonicis
1015 4763 1048 4828 et
1064 4756 1196 4830 alienis.
1217 4757 1263 4830 A.
1295 4751 1322 4838 ⁸)
1347 4755 1455 4849 regni.
1477 4755 1552 4826 add.

148 4854 178 4939 ⁹)
203 4859 350 4932 Herrici.
