3592 5490
879 364 1036 464 ffl-

254 580 369 660 laum
416 578 556 658 datam
604 576 805 682 portando
853 604 961 659 armo
1000 579 1155 660 domini
1210 580 1324 661 13111
1372 596 1434 662 est
1484 606 1661 662 corona-

129 737 133 747 ·
253 716 332 783 tus,
365 700 512 782 Postea
544 712 693 779 terram
728 697 849 779 Erdel
883 701 1057 803 intrarit,
1091 702 1161 782 ubi
1191 727 1215 781 a
1244 701 1430 783 Ladislao
1467 702 1661 807 Vajvoda

255 836 413 931 captus,
437 836 478 903 et
501 820 573 901 diu
590 820 837 921 vinculatus,
867 839 907 901 et
940 838 1083 929 postea
1110 823 1161 903 de
1195 849 1319 928 reguo
1348 825 1550 931 expulsus
1585 845 1662 906 est.

411 954 573 1035 xxm
600 951 795 1036 carolus
821 962 991 1059 regnat
1018 958 1151 1037 annis
1178 959 1258 1039 42,
1321 948 1442 1026 Anno
1498 946 1661 1027 domini

258 1065 373 1149 1309
406 1066 567 1170 legatus
599 1090 732 1171 papae
775 1066 941 1145 vinculo
985 1067 1425 1148 exeomrmmicationis
1468 1094 1662 1149 10111111-

254 1190 426 1269 nitatem
459 1185 573 1292 regui
606 1186 646 1265 iu
689 1212 826 1290 regem
869 1189 1078 1295 suscipere
1121 1188 1321 1269 Karolum
1364 1190 1663 1295 compellebat,

255 1310 326 1418 qui
367 1334 476 1389 armo
519 1306 674 1389 domiui
720 1308 835 1388 13111
877 1328 938 1391 est
981 1324 1210 1391 coronatus.
1258 1308 1335 1391 Cui
1367 1312 1448 1415 regi
1484 1312 1659 1417 quidam

252 1430 471 1515 Matlraeus
518 1428 569 1509 de
617 1428 844 1509 'l‘riuozinio
893 1430 1160 1513 adversitates
1204 1432 1354 1512 erindit.
1397 1432 1483 1511 Rex
1526 1434 1663 1539 prrimo

254 1554 375 1637 duxit
428 1552 638 1658 (uxorem)
695 1548 864 1631 Mariam
922 1552 1168 1657 polonicam,
1225 1568 1369 1659 postea
1427 1554 1662 1637 Beatrioem

254 1676 380 1757 filiam
412 1674 518 1779 regis
550 1698 814 1755 romanorum
852 1700 1031 1755 sororem
1077 1676 1181 1779 regis
1222 1674 1469 1776 Bolremiae3
1512 1675 1665 1757 ultimo

253 1796 465 1879 Elizabetlr
498 1794 625 1875 filiam
660 1794 836 1876 ladislai
869 1796 974 1899 regis
1008 1797 1264 1903 poloumum.
1305 1796 1367 1877 Ex
1401 1822 1483 1903 qua
1515 1800 1667 1901 genuit

256 1918 454 2001 Karolum
479 1914 791 2018 etLadislaum,
826 1918 897 2023 qui
920 1919 1089 2000 fuerunt
1121 1918 1291 2020 mortui,
1325 1933 1367 1999 et
1398 1934 1542 2025 postea
1576 1922 1664 2001 liu·

255 2042 463 2123 doricum.
497 2041 619 2119 Almo
653 2038 809 2119 domiui
846 2039 963 2121 1330
997 2039 1166 2147 quidam
1200 2040 1318 2121 miles
1352 2040 1584 2121 Felioimms
1609 2044 1665 2123 de

255 2188 405 2270 genere
445 2160 579 2241 Zaaoh
621 2159 662 2239 iu
711 2158 909 2266 Visegrad
949 2178 1045 2241 ante
1086 2162 1192 2267 regis
1231 2188 1419 2243 mensam
1452 2162 1559 2242 elain
1597 2164 1666 2244 in-

255 2284 401 2367 trando
434 2309 606 2363 manum
639 2281 746 2387 regis
780 2283 966 2364 dextram
991 2278 1276 2389 vulneravit¹),
1311 2298 1352 2364 et
1372 2283 1536 2388 reginae
1556 2312 1664 2391 ‹pra-

254 2425 351 2489 tuor
382 2405 528 2509 digitos
561 2405 813 2511 amputavit,
857 2422 897 2485 et
939 2405 1043 2487 duos
1084 2405 1187 2487 filios
1228 2407 1344 2511 regia,
1385 2406 1542 2488 scilieet
1581 2406 1665 2488 Lo-

254 2528 448 2611 dovioum
497 2538 539 2605 et
587 2524 796 2607 rludream
845 2526 1031 2607 occidere
1080 2528 1231 2629 voluit,
1284 2528 1355 2609 sed
1408 2528 1664 2634 paedagogis

255 2647 624 2733 intervenientibus
656 2649 751 2728 vani
789 2664 1019 2730 evaserunt.
1065 2648 1146 2744 Qui
1178 2648 1410 2731 Felioianus
1443 2676 1537 2729 oum
1572 2666 1666 2733 tota

255 2771 452 2881 progenie
501 2782 563 2851 est
604 2770 857 2853 interiectus.
896 2770 1043 2852 Postea
1083 2798 1157 2851 rex
1198 2771 1377 2852 Basarad
1415 2772 1663 2877 vaywodam

253 2892 545 2975 Walaohorum
580 2891 631 2971 de
663 2904 770 2972 terra
802 2892 1011 2997 expellere
1032 2893 1174 2995 voluit,
1208 2894 1345 2999 quise
1367 2892 1452 2997 regi
1474 2893 1666 2975 subdidit

254 3018 440 3098 ordinata
472 3039 587 3119 paee.
619 3012 709 3094 Rex
742 3013 922 3095 confisus
956 3014 994 3094 in
1029 3041 1090 3115 eo,
1124 3029 1166 3095 et
1197 3015 1249 3096 ab
1283 3014 1429 3095 eodem
1463 3014 1597 3095 multa
1620 3034 1665 3097 et

253 3135 571 3220 imrumerabilia
597 3134 750 3215 damna
776 3152 838 3215 est
864 3162 1022 3241 passus,
1056 3138 1112 3216 ita
1138 3136 1248 3243 quod
1275 3136 1344 3216 vix
1372 3136 1484 3217 solus
1516 3137 1663 3221 salvus

255 3260 396 3342 evasit.
431 3255 616 3338 Mortuus
649 3274 712 3337 est
743 3284 816 3337 rex
854 3258 980 3339 1342.

411 3372 579 3453 mv.
615 3372 877 3454 Lodovious
908 3375 1127 3477 regnavit
1164 3375 1297 3455 annis
1327 3372 1659 3480 quaaragtnta

254 3483 488 3567 Lodovieus
519 3482 627 3565 filius
662 3482 797 3563 liaroli
832 3509 940 3564 armo
974 3486 1133 3585 eodem,
1167 3484 1324 3566 scilieet
1349 3484 1476 3575 1342,
1511 3504 1552 3563 et
1573 3502 1659 3565 ter-

255 3607 312 3688 tia
343 3605 409 3685 die
443 3619 536 3711 post
568 3605 726 3685 obitum
762 3605 888 3711 patris
922 3621 984 3687 est
1015 3622 1255 3707 coronatae,
1299 3605 1370 3713 qui
1413 3606 1536 3685 etiam
1581 3634 1657 3687 rex

255 3727 447 3809 Poloniao
479 3726 569 3807 fuit.
603 3725 679 3806 Hic
713 3742 799 3805 erat
840 3726 1060 3833 pacificus,
1101 3743 1241 3809 tamen
1281 3727 1535 3809 adversarios
1576 3729 1660 3809 sibi

255 3848 442 3941 subiecit,
477 3873 572 3927 uani
608 3862 649 3927 et
680 3846 861 3929 Venetos
894 3851 1109 3931 censuales
1140 3850 1239 3929 feeit
1271 3874 1458 3930 coronae.
1496 3848 1573 3928 llio
1607 3850 1658 3930 fi-

254 3972 351 4053 liam
386 3996 503 4050 suam
538 3966 707 4048 llariam
742 3968 1016 4074 Sigismuudo,
1050 3971 1306 4078 imperatoris
1323 3969 1457 4052 Caroli
1490 3988 1531 4050 et
1547 3972 1658 4077 regis

254 4092 478 4175 Bohemiae
509 4090 592 4170 tilio
626 4091 902 4197 desponsavit.
929 4093 1063 4173 Aliam
1082 4092 1208 4173 filiam
1226 4090 1655 4196 seilicetHedwigem‚

253 4212 478 4297 Wladislao
511 4212 605 4294 duoi
639 4210 846 4294 Masoviae
879 4242 975 4295 oum
1007 4241 1133 4319 regno
1170 4214 1362 4296 Poloniae
1403 4214 1569 4293 tradidit
1613 4215 1656 4296 in

254 4362 442 4428 uxorem,
476 4350 516 4414 et
549 4334 648 4415 obiit
682 4360 789 4414 amm
822 4336 977 4415 drmriui
1015 4338 1142 4418 1382.

411 4468 556 4549 xxv.
606 4466 943 4571 sigismundus,
1003 4456 1289 4563 Sigisrmmdus
1337 4455 1469 4538 Caroli
1518 4456 1655 4563 impe-

253 4580 396 4661 ratoris
428 4578 548 4673 filius,
581 4598 803 4683 aritequam
838 4580 1119 4661 solemnitates
1148 4580 1386 4687 nuptiarum
1412 4578 1654 4681 celebravit,

253 4704 429 4783 barones
462 4700 725 4781 adduxerunt
757 4700 883 4780 alium
912 4699 1104 4782 Carolum
1138 4702 1190 4781 de
1222 4699 1370 4801 Sicilia,
1404 4698 1470 4781 oui
1504 4698 1653 4781 volue-

252 4841 349 4905 runt
395 4821 565 4903 Mariam
613 4820 875 4926 Sigismmrdo
924 4824 1035 4929 prius
1083 4823 1378 4930 desponsatam
1425 4846 1510 4903 una
1551 4848 1652 4905 cum

252 4971 378 5051 regno
410 4943 583 5024 tradere.
615 4943 667 5023 Er
699 4942 844 5023 eadem
877 4944 1033 5025 seilicet
1065 4960 1198 5045 nocte,
1232 4944 1399 5053 quando
1435 4942 1657 5026 debebant

252 5080 460 5093 ———-—-

414 5110 439 5213 ¹)
467 5114 666 5187 vulneratus
693 5116 757 5185 est.
787 5114 825 5186 Τ.
