<?xml version="1.0" encoding="UTF-8"?>
<!DOCTYPE html PUBLIC "-//W3C//DTD XHTML 1.0 Transitional//EN"
    "http://www.w3.org/TR/xhtml1/DTD/xhtml1-transitional.dtd">
<html xmlns="http://www.w3.org/1999/xhtml" xml:lang="en" lang="en">
 <head>
  <title>
</title>
<meta http-equiv="Content-Type" content="text/html;charset=utf-8" />
  <meta name='ocr-system' content='tesseract 3.04.00' />
  <meta name='ocr-capabilities' content='ocr_page ocr_carea ocr_par ocr_line ocrx_word'/>
</head>
<body>
  <div class='ocr_page' id='page_1' title='image "./chronicondubnic00florgoog_0262.png"; bbox 0 0 3592 5490; ppageno 0'>
   <div class='ocr_carea' id='block_1_1' title="bbox 793 378 949 479">
    <p class='ocr_par' dir='ltr' id='par_1_1' title="bbox 793 378 949 479">
     <span class='ocr_line' id='line_1_1' title="bbox 793 378 949 479; baseline 0 -38"><span class='ocrx_word' id='word_1_1' title='bbox 793 378 949 479; x_wconf 52' lang='lat' dir='ltr'>ffl-</span> 
     </span>
    </p>
   </div>
   <div class='ocr_carea' id='block_1_2' title="bbox 169 590 1577 1178">
    <p class='ocr_par' dir='ltr' id='par_1_2' title="bbox 169 590 1577 1063">
     <span class='ocr_line' id='line_1_2' title="bbox 169 590 1577 699; baseline 0.002 -29"><span class='ocrx_word' id='word_1_2' title='bbox 169 591 297 695; x_wconf 82' lang='lat' dir='ltr'>gloria</span> <span class='ocrx_word' id='word_1_3' title='bbox 320 590 484 689; x_wconf 72' lang='lat' dir='ltr'>rollurti,</span> <span class='ocrx_word' id='word_1_4' title='bbox 507 610 707 697; x_wconf 70' lang='lat' dir='ltr'>‹uper-um.</span> <span class='ocrx_word' id='word_1_5' title='bbox 724 592 830 673; x_wconf 82' lang='lat' dir='ltr'>bella</span> <span class='ocrx_word' id='word_1_6' title='bbox 850 620 1034 697; x_wconf 74' lang='lat' dir='ltr'>surgere,</span> <span class='ocrx_word' id='word_1_7' title='bbox 1054 592 1240 673; x_wconf 80' lang='lat' dir='ltr'>civitates</span> <span class='ocrx_word' id='word_1_8' title='bbox 1263 594 1478 699; x_wconf 79' lang='lat' dir='ltr'><strong>confringi,</strong></span> <span class='ocrx_word' id='word_1_9' title='bbox 1501 594 1577 673; x_wconf 88' lang='lat' dir='ltr'>vil·</span> 
     </span>
     <span class='ocr_line' id='line_1_3' title="bbox 173 713 1576 819; baseline 0.004 -28"><span class='ocrx_word' id='word_1_10' title='bbox 173 714 237 793; x_wconf 81' lang='lat' dir='ltr'>lae</span> <span class='ocrx_word' id='word_1_11' title='bbox 256 714 457 802; x_wconf 82' lang='lat' dir='ltr'>oonduui,</span> <span class='ocrx_word' id='word_1_12' title='bbox 476 740 558 819; x_wconf 86' lang='lat' dir='ltr'>pax</span> <span class='ocrx_word' id='word_1_13' title='bbox 581 732 621 793; x_wconf 83' lang='lat' dir='ltr'>et</span> <span class='ocrx_word' id='word_1_14' title='bbox 643 714 861 793; x_wconf 74' lang='lat' dir='ltr'>otinomdia</span> <span class='ocrx_word' id='word_1_15' title='bbox 884 715 1128 813; x_wconf 77' lang='lat' dir='ltr'>orimnleari,</span> <span class='ocrx_word' id='word_1_16' title='bbox 1148 713 1294 794; x_wconf 82' lang='lat' dir='ltr'>divites</span> <span class='ocrx_word' id='word_1_17' title='bbox 1328 714 1517 814; x_wconf 85' lang='lat' dir='ltr'>deficere,</span> <span class='ocrx_word' id='word_1_18' title='bbox 1535 730 1576 796; x_wconf 82' lang='lat' dir='ltr'>ot</span> 
     </span>
     <span class='ocr_line' id='line_1_4' title="bbox 174 835 1571 943; baseline 0.001 -28"><span class='ocrx_word' id='word_1_19' title='bbox 174 835 336 915; x_wconf 80' lang='lat' dir='ltr'>nobiles</span> <span class='ocrx_word' id='word_1_20' title='bbox 379 835 562 916; x_wconf 73' lang='lat' dir='ltr'>rusticari</span> <span class='ocrx_word' id='word_1_21' title='bbox 606 863 703 941; x_wconf 82' lang='lat' dir='ltr'>prae</span> <span class='ocrx_word' id='word_1_22' title='bbox 749 836 886 941; x_wconf 68' lang='lat' dir='ltr'>anapia</span> <span class='ocrx_word' id='word_1_23' title='bbox 927 836 1193 943; x_wconf 79' lang='lat' dir='ltr'>paupertatis.</span> <span class='ocrx_word' id='word_1_24' title='bbox 1237 836 1339 915; x_wconf 79' lang='lat' dir='ltr'>Nam</span> <span class='ocrx_word' id='word_1_25' title='bbox 1385 836 1571 917; x_wconf 74' lang='lat' dir='ltr'>homines</span> 
     </span>
     <span class='ocr_line' id='line_1_5' title="bbox 174 956 1576 1063; baseline 0.003 -28"><span class='ocrx_word' id='word_1_26' title='bbox 174 985 288 1036; x_wconf 77' lang='lat' dir='ltr'>mort·</span> <span class='ocrx_word' id='word_1_27' title='bbox 323 983 520 1062; x_wconf 76' lang='lat' dir='ltr'>portuum</span> <span class='ocrx_word' id='word_1_28' title='bbox 555 956 658 1061; x_wconf 74' lang='lat' dir='ltr'>bigis</span> <span class='ocrx_word' id='word_1_29' title='bbox 685 958 812 1039; x_wconf 83' lang='lat' dir='ltr'>innoti</span> <span class='ocrx_word' id='word_1_30' title='bbox 846 959 957 1039; x_wconf 71' lang='lat' dir='ltr'>ritas</span> <span class='ocrx_word' id='word_1_31' title='bbox 990 958 1231 1039; x_wconf 92' lang='lat' dir='ltr'>animalium</span> <span class='ocrx_word' id='word_1_32' title='bbox 1266 958 1576 1063; x_wconf 73' lang='lat' dir='ltr'>impendebant.</span> 
     </span>
    </p>

    <p class='ocr_par' dir='ltr' id='par_1_3' title="bbox 328 1072 1575 1178">
     <span class='ocr_line' id='line_1_6' title="bbox 328 1072 1575 1178; baseline 0.003 -25"><span class='ocrx_word' id='word_1_33' title='bbox 328 1074 429 1153; x_wconf 89' lang='lat' dir='ltr'>XX.</span> <span class='ocrx_word' id='word_1_34' title='bbox 456 1072 672 1153; x_wconf 77' lang='lat' dir='ltr'>Andreas</span> <span class='ocrx_word' id='word_1_35' title='bbox 699 1075 866 1154; x_wconf 77' lang='lat' dir='ltr'>tertius</span> <span class='ocrx_word' id='word_1_36' title='bbox 892 1077 1112 1178; x_wconf 68' lang='lat' dir='ltr'>regnavit</span> <span class='ocrx_word' id='word_1_37' title='bbox 1138 1097 1241 1154; x_wconf 77' lang='lat' dir='ltr'>ann.</span> <span class='ocrx_word' id='word_1_38' title='bbox 1270 1077 1319 1154; x_wconf 92' lang='lat'>11</span> <span class='ocrx_word' id='word_1_39' title='bbox 1346 1081 1394 1154; x_wconf 81' lang='lat' dir='ltr'>et</span> <span class='ocrx_word' id='word_1_40' title='bbox 1414 1075 1575 1157; x_wconf 77' lang='lat' dir='ltr'>Budao</span> 
     </span>
    </p>
   </div>
   <div class='ocr_carea' id='block_1_3' title="bbox 174 1182 1575 1411">
    <p class='ocr_par' dir='ltr' id='par_1_4' title="bbox 174 1182 1575 1411">
     <span class='ocr_line' id='line_1_7' title="bbox 174 1182 1575 1297; baseline -0.006 -23"><span class='ocrx_word' id='word_1_41' title='bbox 174 1202 246 1275; x_wconf 75' lang='lat' dir='ltr'>ost</span> <span class='ocrx_word' id='word_1_42' title='bbox 273 1198 483 1297; x_wconf 71' lang='lat' dir='ltr'>sepultus</span> <span class='ocrx_word' id='word_1_43' title='bbox 511 1194 636 1297; x_wconf 78' lang='lat' dir='ltr'>apud</span> <span class='ocrx_word' id='word_1_44' title='bbox 662 1196 877 1276; x_wconf 74' lang='lat' dir='ltr'>Minores.</span> <span class='ocrx_word' id='word_1_45' title='bbox 929 1184 1115 1264; x_wconf 74' lang='lat' dir='ltr'>Amlreas</span> <span class='ocrx_word' id='word_1_46' title='bbox 1163 1184 1251 1264; x_wconf 84' lang='lat' dir='ltr'>dux</span> <span class='ocrx_word' id='word_1_47' title='bbox 1299 1184 1350 1263; x_wconf 85' lang='lat' dir='ltr'>de</span> <span class='ocrx_word' id='word_1_48' title='bbox 1393 1182 1575 1267; x_wconf 73' lang='lat' dir='ltr'>Venetiia</span> 
     </span>
     <span class='ocr_line' id='line_1_8' title="bbox 175 1306 1574 1411; baseline 0.002 -28"><span class='ocrx_word' id='word_1_49' title='bbox 175 1306 321 1384; x_wconf 78' lang='lat' dir='ltr'>etalem</span> <span class='ocrx_word' id='word_1_50' title='bbox 357 1332 465 1385; x_wconf 91' lang='lat' dir='ltr'>anno</span> <span class='ocrx_word' id='word_1_51' title='bbox 500 1322 560 1383; x_wconf 79' lang='lat' dir='ltr'>est</span> <span class='ocrx_word' id='word_1_52' title='bbox 594 1326 826 1404; x_wconf 77' lang='lat' dir='ltr'>rottumtus,</span> <span class='ocrx_word' id='word_1_53' title='bbox 860 1306 931 1411; x_wconf 80' lang='lat' dir='ltr'>qui</span> <span class='ocrx_word' id='word_1_54' title='bbox 963 1307 1040 1385; x_wconf 76' lang='lat' dir='ltr'>fuit</span> <span class='ocrx_word' id='word_1_55' title='bbox 1072 1306 1245 1386; x_wconf 75' lang='lat' dir='ltr'>secundi</span> <span class='ocrx_word' id='word_1_56' title='bbox 1278 1306 1469 1385; x_wconf 71' lang='lat' dir='ltr'>:lmlreae</span> <span class='ocrx_word' id='word_1_57' title='bbox 1502 1334 1574 1387; x_wconf 87' lang='lat' dir='ltr'>ne-</span> 
     </span>
    </p>
   </div>
   <div class='ocr_carea' id='block_1_4' title="bbox 167 1425 1576 3229">
    <p class='ocr_par' dir='ltr' id='par_1_5' title="bbox 167 1425 1576 3117">
     <span class='ocr_line' id='line_1_9' title="bbox 172 1425 1576 1533; baseline 0.004 -30"><span class='ocrx_word' id='word_1_58' title='bbox 172 1454 260 1533; x_wconf 73' lang='lat' dir='ltr'>pos.</span> <span class='ocrx_word' id='word_1_59' title='bbox 295 1425 400 1506; x_wconf 78' lang='lat' dir='ltr'>Nam</span> <span class='ocrx_word' id='word_1_60' title='bbox 434 1427 621 1506; x_wconf 74' lang='lat' dir='ltr'>Amlreas</span> <span class='ocrx_word' id='word_1_61' title='bbox 656 1444 747 1531; x_wconf 74' lang='lat' dir='ltr'>post</span> <span class='ocrx_word' id='word_1_62' title='bbox 782 1430 1055 1508; x_wconf 76' lang='lat' dir='ltr'>reversionem</span> <span class='ocrx_word' id='word_1_63' title='bbox 1094 1428 1144 1507; x_wconf 77' lang='lat' dir='ltr'>de.</span> <span class='ocrx_word' id='word_1_64' title='bbox 1181 1426 1412 1508; x_wconf 68' lang='lat' dir='ltr'>‚ierusalem</span> <span class='ocrx_word' id='word_1_65' title='bbox 1454 1428 1576 1509; x_wconf 87' lang='lat' dir='ltr'>duxit</span> 
     </span>
     <span class='ocr_line' id='line_1_10' title="bbox 172 1548 1574 1655; baseline 0.003 -28"><span class='ocrx_word' id='word_1_66' title='bbox 172 1548 299 1628; x_wconf 85' lang='lat' dir='ltr'>filiam</span> <span class='ocrx_word' id='word_1_67' title='bbox 350 1550 597 1629; x_wconf 80' lang='lat' dir='ltr'>nrarrlnonis</span> <span class='ocrx_word' id='word_1_68' title='bbox 646 1548 840 1628; x_wconf 72' lang='lat' dir='ltr'>listennis.</span> <span class='ocrx_word' id='word_1_69' title='bbox 890 1548 1005 1643; x_wconf 83' lang='lat' dir='ltr'>Quae</span> <span class='ocrx_word' id='word_1_70' title='bbox 1053 1549 1221 1629; x_wconf 90' lang='lat' dir='ltr'>domina</span> <span class='ocrx_word' id='word_1_71' title='bbox 1264 1567 1357 1655; x_wconf 87' lang='lat' dir='ltr'>post</span> <span class='ocrx_word' id='word_1_72' title='bbox 1399 1568 1574 1631; x_wconf 90' lang='lat' dir='ltr'>mortem</span> 
     </span>
     <span class='ocr_line' id='line_1_11' title="bbox 172 1670 1575 1777; baseline 0.003 -28"><span class='ocrx_word' id='word_1_73' title='bbox 172 1672 279 1773; x_wconf 78' lang='lat' dir='ltr'>regis</span> <span class='ocrx_word' id='word_1_74' title='bbox 313 1670 492 1751; x_wconf 69' lang='lat' dir='ltr'>ostentat</span> <span class='ocrx_word' id='word_1_75' title='bbox 523 1698 567 1751; x_wconf 79' lang='lat' dir='ltr'>se</span> <span class='ocrx_word' id='word_1_76' title='bbox 601 1671 845 1776; x_wconf 80' lang='lat' dir='ltr'>pruriat-ibus</span> <span class='ocrx_word' id='word_1_77' title='bbox 878 1672 1102 1775; x_wconf 79' lang='lat' dir='ltr'>gravidam,</span> <span class='ocrx_word' id='word_1_78' title='bbox 1136 1671 1305 1752; x_wconf 73' lang='lat' dir='ltr'>recessit</span> <span class='ocrx_word' id='word_1_79' title='bbox 1337 1670 1388 1751; x_wconf 91' lang='lat' dir='ltr'>ad</span> <span class='ocrx_word' id='word_1_80' title='bbox 1414 1688 1575 1777; x_wconf 87' lang='lat' dir='ltr'>patrem</span> 
     </span>
     <span class='ocr_line' id='line_1_12' title="bbox 173 1790 1575 1899; baseline 0.004 -30"><span class='ocrx_word' id='word_1_81' title='bbox 173 1792 212 1870; x_wconf 95' lang='lat' dir='ltr'>in</span> <span class='ocrx_word' id='word_1_82' title='bbox 249 1792 420 1893; x_wconf 70' lang='lat' dir='ltr'>ltaliam,</span> <span class='ocrx_word' id='word_1_83' title='bbox 454 1793 697 1898; x_wconf 63' lang='lat' dir='ltr'>pluuntque</span> <span class='ocrx_word' id='word_1_84' title='bbox 730 1790 1002 1899; x_wconf 77' lang='lat' dir='ltr'><strong>Stephanum.</strong></span> <span class='ocrx_word' id='word_1_85' title='bbox 1038 1792 1152 1873; x_wconf 89' lang='lat' dir='ltr'>Idem</span> <span class='ocrx_word' id='word_1_86' title='bbox 1179 1790 1416 1899; x_wconf 85' lang='lat' dir='ltr'>Stephanus</span> <span class='ocrx_word' id='word_1_87' title='bbox 1450 1820 1575 1875; x_wconf 84' lang='lat' dir='ltr'>exee-</span> 
     </span>
     <span class='ocr_line' id='line_1_13' title="bbox 170 1913 1575 2019; baseline 0.004 -28"><span class='ocrx_word' id='word_1_88' title='bbox 170 1914 274 1995; x_wconf 73' lang='lat' dir='ltr'>duns</span> <span class='ocrx_word' id='word_1_89' title='bbox 317 1930 457 1994; x_wconf 83' lang='lat' dir='ltr'>eontra</span> <span class='ocrx_word' id='word_1_90' title='bbox 506 1941 632 1995; x_wconf 81' lang='lat' dir='ltr'>arum</span> <span class='ocrx_word' id='word_1_91' title='bbox 680 1915 881 2009; x_wconf 76' lang='lat' dir='ltr'>eumlmn,</span> <span class='ocrx_word' id='word_1_92' title='bbox 929 1914 1033 2019; x_wconf 82' lang='lat' dir='ltr'>fugit</span> <span class='ocrx_word' id='word_1_93' title='bbox 1080 1914 1249 1995; x_wconf 88' lang='lat' dir='ltr'>tandem</span> <span class='ocrx_word' id='word_1_94' title='bbox 1291 1914 1335 1995; x_wconf 94' lang='lat' dir='ltr'>in</span> <span class='ocrx_word' id='word_1_95' title='bbox 1377 1913 1575 2017; x_wconf 79' lang='lat' dir='ltr'>VenetiiS,</span> 
     </span>
     <span class='ocr_line' id='line_1_14' title="bbox 171 2036 1576 2143; baseline 0.003 -30"><span class='ocrx_word' id='word_1_96' title='bbox 171 2036 292 2116; x_wconf 80' lang='lat' dir='ltr'>duxit</span> <span class='ocrx_word' id='word_1_97' title='bbox 325 2036 541 2117; x_wconf 75' lang='lat' dir='ltr'>cuiusdam</span> <span class='ocrx_word' id='word_1_98' title='bbox 575 2037 753 2141; x_wconf 75' lang='lat' dir='ltr'>potentia</span> <span class='ocrx_word' id='word_1_99' title='bbox 787 2037 887 2117; x_wconf 82' lang='lat' dir='ltr'>ciris</span> <span class='ocrx_word' id='word_1_100' title='bbox 918 2036 1044 2116; x_wconf 87' lang='lat' dir='ltr'>liliam</span> <span class='ocrx_word' id='word_1_101' title='bbox 1079 2038 1118 2116; x_wconf 93' lang='lat' dir='ltr'>in</span> <span class='ocrx_word' id='word_1_102' title='bbox 1158 2062 1354 2137; x_wconf 86' lang='lat' dir='ltr'>uxorem,</span> <span class='ocrx_word' id='word_1_103' title='bbox 1399 2064 1454 2116; x_wconf 83' lang='lat' dir='ltr'>ex</span> <span class='ocrx_word' id='word_1_104' title='bbox 1492 2064 1576 2143; x_wconf 89' lang='lat' dir='ltr'>qua</span> 
     </span>
     <span class='ocr_line' id='line_1_15' title="bbox 170 2157 1575 2264; baseline 0.001 -27"><span class='ocrx_word' id='word_1_105' title='bbox 170 2159 313 2261; x_wconf 81' lang='lat' dir='ltr'>gerunt</span> <span class='ocrx_word' id='word_1_106' title='bbox 352 2158 608 2264; x_wconf 80' lang='lat' dir='ltr'>praedictum</span> <span class='ocrx_word' id='word_1_107' title='bbox 653 2158 875 2237; x_wconf 72' lang='lat' dir='ltr'>Andream.</span> <span class='ocrx_word' id='word_1_108' title='bbox 919 2157 999 2253; x_wconf 76' lang='lat' dir='ltr'>Qui</span> <span class='ocrx_word' id='word_1_109' title='bbox 1040 2162 1168 2240; x_wconf 73' lang='lat' dir='ltr'>rietus</span> <span class='ocrx_word' id='word_1_110' title='bbox 1210 2158 1364 2238; x_wconf 86' lang='lat' dir='ltr'>auxilio</span> <span class='ocrx_word' id='word_1_111' title='bbox 1405 2184 1575 2240; x_wconf 89' lang='lat' dir='ltr'>suorum</span> 
     </span>
     <span class='ocr_line' id='line_1_16' title="bbox 169 2279 1575 2387; baseline 0.003 -30"><span class='ocrx_word' id='word_1_112' title='bbox 169 2281 284 2358; x_wconf 79' lang='lat' dir='ltr'>venit</span> <span class='ocrx_word' id='word_1_113' title='bbox 317 2280 357 2358; x_wconf 95' lang='lat' dir='ltr'>in</span> <span class='ocrx_word' id='word_1_114' title='bbox 395 2279 647 2383; x_wconf 72' lang='lat' dir='ltr'>llungariam</span> <span class='ocrx_word' id='word_1_115' title='bbox 680 2280 816 2359; x_wconf 83' lang='lat' dir='ltr'>adnuo</span> <span class='ocrx_word' id='word_1_116' title='bbox 848 2280 1037 2359; x_wconf 71' lang='lat' dir='ltr'>Ladislao</span> <span class='ocrx_word' id='word_1_117' title='bbox 1071 2280 1279 2387; x_wconf 74' lang='lat' dir='ltr'>praedicto</span> <span class='ocrx_word' id='word_1_118' title='bbox 1312 2280 1491 2383; x_wconf 74' lang='lat' dir='ltr'>virente,</span> <span class='ocrx_word' id='word_1_119' title='bbox 1526 2308 1575 2361; x_wconf 87' lang='lat' dir='ltr'>eo</span> 
     </span>
     <span class='ocr_line' id='line_1_17' title="bbox 169 2400 1576 2496; baseline 0.002 -17"><span class='ocrx_word' id='word_1_120' title='bbox 169 2418 309 2481; x_wconf 85' lang='lat' dir='ltr'>autem</span> <span class='ocrx_word' id='word_1_121' title='bbox 346 2401 559 2482; x_wconf 76' lang='lat' dir='ltr'>interiet-to</span> <span class='ocrx_word' id='word_1_122' title='bbox 594 2416 656 2482; x_wconf 80' lang='lat' dir='ltr'>ost</span> <span class='ocrx_word' id='word_1_123' title='bbox 689 2422 919 2482; x_wconf 75' lang='lat' dir='ltr'>oiruuatus.</span> <span class='ocrx_word' id='word_1_124' title='bbox 963 2400 1042 2496; x_wconf 80' lang='lat' dir='ltr'>oui</span> <span class='ocrx_word' id='word_1_125' title='bbox 1086 2402 1295 2483; x_wconf 77' lang='lat' dir='ltr'>Austriam</span> <span class='ocrx_word' id='word_1_126' title='bbox 1339 2402 1576 2484; x_wconf 84' lang='lat' dir='ltr'>debellavit.</span> 
     </span>
     <span class='ocr_line' id='line_1_18' title="bbox 170 2522 1576 2631; baseline 0.001 -30"><span class='ocrx_word' id='word_1_127' title='bbox 170 2522 312 2603; x_wconf 74' lang='lat' dir='ltr'>Plures</span> <span class='ocrx_word' id='word_1_128' title='bbox 355 2524 514 2603; x_wconf 59' lang='lat' dir='ltr'>nobile&gt;¹</span> <span class='ocrx_word' id='word_1_129' title='bbox 560 2524 599 2603; x_wconf 94' lang='lat' dir='ltr'>in</span> <span class='ocrx_word' id='word_1_130' title='bbox 645 2523 943 2629; x_wconf 73' lang='lat' dir='ltr'>praeiudicium</span> <span class='ocrx_word' id='word_1_131' title='bbox 988 2525 1094 2629; x_wconf 80' lang='lat' dir='ltr'>regis</span> <span class='ocrx_word' id='word_1_132' title='bbox 1136 2552 1159 2604; x_wconf 92' lang='lat' dir='ltr'>a</span> <span class='ocrx_word' id='word_1_133' title='bbox 1208 2523 1418 2603; x_wconf 86' lang='lat' dir='ltr'>Bonifaeio</span> <span class='ocrx_word' id='word_1_134' title='bbox 1467 2550 1576 2631; x_wconf 87' lang='lat' dir='ltr'>papa</span> 
     </span>
     <span class='ocr_line' id='line_1_19' title="bbox 167 2640 1575 2751; baseline 0.003 -30"><span class='ocrx_word' id='word_1_135' title='bbox 167 2643 308 2723; x_wconf 79' lang='lat' dir='ltr'>vrri-0</span> <span class='ocrx_word' id='word_1_136' title='bbox 321 2640 350 2749; x_wconf 85' lang='lat'>¹)</span> <span class='ocrx_word' id='word_1_137' title='bbox 387 2646 593 2750; x_wconf 81' lang='lat' dir='ltr'>petierunt</span> <span class='ocrx_word' id='word_1_138' title='bbox 627 2646 835 2751; x_wconf 77' lang='lat' dir='ltr'>quendam</span> <span class='ocrx_word' id='word_1_139' title='bbox 855 2645 1052 2725; x_wconf 76' lang='lat' dir='ltr'>liarolum</span> <span class='ocrx_word' id='word_1_140' title='bbox 1086 2671 1263 2751; x_wconf 85' lang='lat' dir='ltr'>puerum</span> <span class='ocrx_word' id='word_1_141' title='bbox 1287 2648 1337 2725; x_wconf 89' lang='lat'>11</span> <span class='ocrx_word' id='word_1_142' title='bbox 1359 2671 1575 2737; x_wconf 81' lang='lat' dir='ltr'>annorum,</span> 
     </span>
     <span class='ocr_line' id='line_1_20' title="bbox 168 2764 1574 2873; baseline 0.001 -28"><span class='ocrx_word' id='word_1_143' title='bbox 168 2768 274 2871; x_wconf 74' lang='lat' dir='ltr'>regis</span> <span class='ocrx_word' id='word_1_144' title='bbox 308 2766 469 2846; x_wconf 75' lang='lat' dir='ltr'>Siciliae</span> <span class='ocrx_word' id='word_1_145' title='bbox 510 2792 559 2846; x_wconf 83' lang='lat' dir='ltr'>ao</span> <span class='ocrx_word' id='word_1_146' title='bbox 600 2765 751 2846; x_wconf 76' lang='lat' dir='ltr'>llariae</span> <span class='ocrx_word' id='word_1_147' title='bbox 802 2768 906 2871; x_wconf 72' lang='lat' dir='ltr'>regia</span> <span class='ocrx_word' id='word_1_148' title='bbox 949 2764 1146 2873; x_wconf 74' lang='lat' dir='ltr'>Stephani</span> <span class='ocrx_word' id='word_1_149' title='bbox 1190 2766 1297 2846; x_wconf 86' lang='lat' dir='ltr'>filiae</span> <span class='ocrx_word' id='word_1_150' title='bbox 1340 2767 1446 2871; x_wconf 77' lang='lat' dir='ltr'>regis</span> <span class='ocrx_word' id='word_1_151' title='bbox 1489 2766 1574 2848; x_wconf 80' lang='lat' dir='ltr'>Un-</span> 
     </span>
     <span class='ocr_line' id='line_1_21' title="bbox 171 2887 1576 2994; baseline 0.002 -27"><span class='ocrx_word' id='word_1_152' title='bbox 171 2890 307 2991; x_wconf 76' lang='lat' dir='ltr'>gariae</span> <span class='ocrx_word' id='word_1_153' title='bbox 352 2888 495 2969; x_wconf 87' lang='lat' dir='ltr'>filium.</span> <span class='ocrx_word' id='word_1_154' title='bbox 540 2887 620 2967; x_wconf 79' lang='lat' dir='ltr'>Sed</span> <span class='ocrx_word' id='word_1_155' title='bbox 664 2887 785 2991; x_wconf 78' lang='lat' dir='ltr'>legati</span> <span class='ocrx_word' id='word_1_156' title='bbox 831 2914 964 2993; x_wconf 83' lang='lat' dir='ltr'>papae</span> <span class='ocrx_word' id='word_1_157' title='bbox 1009 2917 1103 2968; x_wconf 85' lang='lat' dir='ltr'>oum</span> <span class='ocrx_word' id='word_1_158' title='bbox 1148 2914 1277 2994; x_wconf 73' lang='lat' dir='ltr'>patero</span> <span class='ocrx_word' id='word_1_159' title='bbox 1321 2888 1422 2968; x_wconf 88' lang='lat' dir='ltr'>nihil</span> <span class='ocrx_word' id='word_1_160' title='bbox 1454 2914 1576 2993; x_wconf 80' lang='lat' dir='ltr'>agere</span> 
     </span>
     <span class='ocr_line' id='line_1_22' title="bbox 172 3011 889 3117; baseline 0.003 -30"><span class='ocrx_word' id='word_1_161' title='bbox 172 3011 362 3089; x_wconf 76' lang='lat' dir='ltr'>valentes</span> <span class='ocrx_word' id='word_1_162' title='bbox 396 3012 445 3089; x_wconf 92' lang='lat' dir='ltr'>ad</span> <span class='ocrx_word' id='word_1_163' title='bbox 480 3036 632 3117; x_wconf 84' lang='lat' dir='ltr'>papam</span> <span class='ocrx_word' id='word_1_164' title='bbox 665 3011 889 3090; x_wconf 81' lang='lat' dir='ltr'>redierunt.</span> 
     </span>
    </p>

    <p class='ocr_par' dir='ltr' id='par_1_6' title="bbox 332 3124 1576 3229">
     <span class='ocr_line' id='line_1_23' title="bbox 332 3124 1576 3229; baseline -0.001 -23"><span class='ocrx_word' id='word_1_165' title='bbox 332 3128 456 3206; x_wconf 93' lang='lat' dir='ltr'>XXI.</span> <span class='ocrx_word' id='word_1_166' title='bbox 493 3128 801 3206; x_wconf 76' lang='lat' dir='ltr'>Wenoeslaus</span> <span class='ocrx_word' id='word_1_167' title='bbox 837 3133 1000 3229; x_wconf 76' lang='lat' dir='ltr'>postea</span> <span class='ocrx_word' id='word_1_168' title='bbox 1027 3133 1224 3207; x_wconf 72' lang='lat' dir='ltr'>vocatus</span> <span class='ocrx_word' id='word_1_169' title='bbox 1240 3133 1311 3204; x_wconf 76' lang='lat' dir='ltr'>est</span> <span class='ocrx_word' id='word_1_170' title='bbox 1328 3124 1576 3206; x_wconf 67' lang='lat' dir='ltr'>ladislaus</span> 
     </span>
    </p>
   </div>
   <div class='ocr_carea' id='block_1_5' title="bbox 169 3234 1574 3463">
    <p class='ocr_par' dir='ltr' id='par_1_7' title="bbox 169 3234 1574 3463">
     <span class='ocr_line' id='line_1_24' title="bbox 172 3234 1574 3351; baseline -0.005 -29"><span class='ocrx_word' id='word_1_171' title='bbox 172 3247 336 3328; x_wconf 77' lang='lat' dir='ltr'>Budae</span> <span class='ocrx_word' id='word_1_172' title='bbox 363 3250 581 3351; x_wconf 68' lang='lat' dir='ltr'>regnavit</span> <span class='ocrx_word' id='word_1_173' title='bbox 617 3250 750 3329; x_wconf 69' lang='lat' dir='ltr'>annis</span> <span class='ocrx_word' id='word_1_174' title='bbox 789 3250 829 3327; x_wconf 82' lang='lat'>2.</span> <span class='ocrx_word' id='word_1_175' title='bbox 858 3236 953 3317; x_wconf 70' lang='lat' dir='ltr'>l‘nst</span> <span class='ocrx_word' id='word_1_176' title='bbox 987 3256 1158 3316; x_wconf 83' lang='lat' dir='ltr'>mortem</span> <span class='ocrx_word' id='word_1_177' title='bbox 1179 3234 1371 3315; x_wconf 74' lang='lat' dir='ltr'>Andreae</span> <span class='ocrx_word' id='word_1_178' title='bbox 1405 3236 1574 3341; x_wconf 77' lang='lat' dir='ltr'>qnidam</span> 
     </span>
     <span class='ocr_line' id='line_1_25' title="bbox 169 3354 1573 3463; baseline 0 -26"><span class='ocrx_word' id='word_1_179' title='bbox 169 3358 221 3437; x_wconf 89' lang='lat' dir='ltr'>ad</span> <span class='ocrx_word' id='word_1_180' title='bbox 257 3356 547 3439; x_wconf 74' lang='lat' dir='ltr'>ll&#39;emeslanm</span> <span class='ocrx_word' id='word_1_181' title='bbox 583 3387 721 3463; x_wconf 78' lang='lat' dir='ltr'>regem</span> <span class='ocrx_word' id='word_1_182' title='bbox 755 3358 978 3438; x_wconf 82' lang='lat' dir='ltr'>Bolronriae</span> <span class='ocrx_word' id='word_1_183' title='bbox 1026 3359 1245 3459; x_wconf 75' lang='lat' dir='ltr'>irriserunt,</span> <span class='ocrx_word' id='word_1_184' title='bbox 1289 3384 1414 3463; x_wconf 84' lang='lat' dir='ltr'>quem</span> <span class='ocrx_word' id='word_1_185' title='bbox 1457 3354 1573 3438; x_wconf 90' lang='lat' dir='ltr'>Otto-</span> 
     </span>
    </p>
   </div>
   <div class='ocr_carea' id='block_1_6' title="bbox 171 3478 1577 4905">
    <p class='ocr_par' dir='ltr' id='par_1_8' title="bbox 171 3478 1577 4559">
     <span class='ocr_line' id='line_1_26' title="bbox 173 3478 1574 3585; baseline 0.001 -28"><span class='ocrx_word' id='word_1_186' title='bbox 173 3479 296 3560; x_wconf 75' lang='lat' dir='ltr'>karus</span> <span class='ocrx_word' id='word_1_187' title='bbox 331 3506 353 3558; x_wconf 83' lang='lat' dir='ltr'>o</span> <span class='ocrx_word' id='word_1_188' title='bbox 386 3480 467 3559; x_wconf 86' lang='lat' dir='ltr'>filia</span> <span class='ocrx_word' id='word_1_189' title='bbox 501 3482 634 3585; x_wconf 82' lang='lat' dir='ltr'>quarti</span> <span class='ocrx_word' id='word_1_190' title='bbox 668 3481 791 3561; x_wconf 79' lang='lat' dir='ltr'>Bolae</span> <span class='ocrx_word' id='word_1_191' title='bbox 825 3480 987 3585; x_wconf 70' lang='lat' dir='ltr'>genuit,</span> <span class='ocrx_word' id='word_1_192' title='bbox 1026 3481 1095 3585; x_wconf 83' lang='lat' dir='ltr'>qm</span> <span class='ocrx_word' id='word_1_193' title='bbox 1130 3478 1261 3559; x_wconf 80' lang='lat' dir='ltr'>alium</span> <span class='ocrx_word' id='word_1_194' title='bbox 1293 3506 1416 3559; x_wconf 78' lang='lat' dir='ltr'>sumn</span> <span class='ocrx_word' id='word_1_195' title='bbox 1451 3480 1574 3559; x_wconf 86' lang='lat' dir='ltr'>etiam</span> 
     </span>
     <span class='ocr_line' id='line_1_27' title="bbox 171 3598 1574 3706; baseline 0.001 -26"><span class='ocrx_word' id='word_1_196' title='bbox 171 3598 465 3681; x_wconf 76' lang='lat' dir='ltr'>ll&#39;enteslanm</span> <span class='ocrx_word' id='word_1_197' title='bbox 501 3603 559 3680; x_wconf 74' lang='lat' dir='ltr'>uis</span> <span class='ocrx_word' id='word_1_198' title='bbox 599 3603 636 3682; x_wconf 95' lang='lat' dir='ltr'>in</span> <span class='ocrx_word' id='word_1_199' title='bbox 687 3629 824 3706; x_wconf 77' lang='lat' dir='ltr'>iugem</span> <span class='ocrx_word' id='word_1_200' title='bbox 874 3601 1054 3699; x_wconf 80' lang='lat' dir='ltr'>tradidit,</span> <span class='ocrx_word' id='word_1_201' title='bbox 1103 3601 1173 3705; x_wconf 84' lang='lat' dir='ltr'>qui</span> <span class='ocrx_word' id='word_1_202' title='bbox 1221 3600 1261 3679; x_wconf 96' lang='lat' dir='ltr'>in</span> <span class='ocrx_word' id='word_1_203' title='bbox 1312 3600 1574 3681; x_wconf 81' lang='lat' dir='ltr'>coronatione</span> 
     </span>
     <span class='ocr_line' id='line_1_28' title="bbox 175 3721 1574 3829; baseline -0.001 -27"><span class='ocrx_word' id='word_1_204' title='bbox 175 3722 391 3804; x_wconf 70' lang='lat' dir='ltr'>ladislaus</span> <span class='ocrx_word' id='word_1_205' title='bbox 425 3740 486 3803; x_wconf 74' lang='lat' dir='ltr'>est</span> <span class='ocrx_word' id='word_1_206' title='bbox 504 3724 748 3829; x_wconf 80' lang='lat' dir='ltr'>appellatus.</span> <span class='ocrx_word' id='word_1_207' title='bbox 782 3722 831 3803; x_wconf 88' lang='lat' dir='ltr'>Et</span> <span class='ocrx_word' id='word_1_208' title='bbox 859 3723 1001 3803; x_wconf 89' lang='lat' dir='ltr'>Budae</span> <span class='ocrx_word' id='word_1_209' title='bbox 1024 3724 1178 3827; x_wconf 80' lang='lat' dir='ltr'>degens</span> <span class='ocrx_word' id='word_1_210' title='bbox 1201 3721 1361 3804; x_wconf 91' lang='lat' dir='ltr'>nullum</span> <span class='ocrx_word' id='word_1_211' title='bbox 1381 3740 1574 3823; x_wconf 81' lang='lat' dir='ltr'>nastrum,</span> 
     </span>
     <span class='ocr_line' id='line_1_29' title="bbox 173 3843 1573 3949; baseline -0.001 -25"><span class='ocrx_word' id='word_1_212' title='bbox 173 3872 252 3925; x_wconf 80' lang='lat' dir='ltr'>noo</span> <span class='ocrx_word' id='word_1_213' title='bbox 286 3845 450 3949; x_wconf 78' lang='lat' dir='ltr'>aliqmid</span> <span class='ocrx_word' id='word_1_214' title='bbox 487 3845 549 3926; x_wconf 73' lang='lat' dir='ltr'>ius</span> <span class='ocrx_word' id='word_1_215' title='bbox 583 3846 717 3949; x_wconf 79' lang='lat' dir='ltr'>regale</span> <span class='ocrx_word' id='word_1_216' title='bbox 752 3845 907 3925; x_wconf 88' lang='lat' dir='ltr'>habuit.</span> <span class='ocrx_word' id='word_1_217' title='bbox 942 3844 1046 3925; x_wconf 78' lang='lat' dir='ltr'>Nam</span> <span class='ocrx_word' id='word_1_218' title='bbox 1081 3843 1207 3949; x_wconf 84' lang='lat' dir='ltr'>aliqui</span> <span class='ocrx_word' id='word_1_219' title='bbox 1241 3844 1464 3945; x_wconf 81' lang='lat' dir='ltr'>liarolmn,</span> <span class='ocrx_word' id='word_1_220' title='bbox 1507 3844 1573 3923; x_wconf 92' lang='lat' dir='ltr'>alii</span> 
     </span>
     <span class='ocr_line' id='line_1_30' title="bbox 172 3965 1574 4072; baseline 0 -27"><span class='ocrx_word' id='word_1_221' title='bbox 172 3966 409 4047; x_wconf 72' lang='lat' dir='ltr'>ladislaum</span> <span class='ocrx_word' id='word_1_222' title='bbox 453 3993 525 4072; x_wconf 87' lang='lat' dir='ltr'>pro</span> <span class='ocrx_word' id='word_1_223' title='bbox 568 3993 682 4071; x_wconf 76' lang='lat' dir='ltr'>rego,</span> <span class='ocrx_word' id='word_1_224' title='bbox 724 3967 892 4047; x_wconf 92' lang='lat' dir='ltr'>nomine</span> <span class='ocrx_word' id='word_1_225' title='bbox 931 3986 972 4045; x_wconf 86' lang='lat' dir='ltr'>et</span> <span class='ocrx_word' id='word_1_226' title='bbox 1014 3992 1098 4047; x_wconf 93' lang='lat' dir='ltr'>non</span> <span class='ocrx_word' id='word_1_227' title='bbox 1141 3992 1184 4045; x_wconf 92' lang='lat' dir='ltr'>re</span> <span class='ocrx_word' id='word_1_228' title='bbox 1219 3965 1465 4047; x_wconf 88' lang='lat' dir='ltr'>habuerunt.</span> <span class='ocrx_word' id='word_1_229' title='bbox 1498 3965 1574 4045; x_wconf 89' lang='lat' dir='ltr'>Pro</span> 
     </span>
     <span class='ocr_line' id='line_1_31' title="bbox 173 4088 1577 4194; baseline 0 -27"><span class='ocrx_word' id='word_1_230' title='bbox 173 4114 257 4193; x_wconf 85' lang='lat' dir='ltr'>quo</span> <span class='ocrx_word' id='word_1_231' title='bbox 307 4090 458 4194; x_wconf 81' lang='lat' dir='ltr'>(pater)</span> <span class='ocrx_word' id='word_1_232' title='bbox 503 4089 590 4168; x_wconf 77' lang='lat' dir='ltr'>rius</span> <span class='ocrx_word' id='word_1_233' title='bbox 633 4088 761 4168; x_wconf 84' lang='lat' dir='ltr'>tilium</span> <span class='ocrx_word' id='word_1_234' title='bbox 806 4116 927 4169; x_wconf 80' lang='lat' dir='ltr'>strum</span> <span class='ocrx_word' id='word_1_235' title='bbox 973 4108 1237 4185; x_wconf 72' lang='lat' dir='ltr'>coronatum,</span> <span class='ocrx_word' id='word_1_236' title='bbox 1286 4114 1381 4169; x_wconf 87' lang='lat' dir='ltr'>oum</span> <span class='ocrx_word' id='word_1_237' title='bbox 1425 4114 1577 4168; x_wconf 87' lang='lat' dir='ltr'>corona</span> 
     </span>
     <span class='ocr_line' id='line_1_32' title="bbox 173 4208 1574 4316; baseline 0.001 -28"><span class='ocrx_word' id='word_1_238' title='bbox 173 4212 341 4289; x_wconf 81' lang='lat' dir='ltr'>reduxit</span> <span class='ocrx_word' id='word_1_239' title='bbox 376 4211 412 4289; x_wconf 93' lang='lat' dir='ltr'>in</span> <span class='ocrx_word' id='word_1_240' title='bbox 450 4210 702 4291; x_wconf 71' lang='lat' dir='ltr'>llolrrrniam.</span> <span class='ocrx_word' id='word_1_241' title='bbox 735 4210 794 4289; x_wconf 90' lang='lat' dir='ltr'>Eo</span> <span class='ocrx_word' id='word_1_242' title='bbox 827 4232 1014 4316; x_wconf 82' lang='lat' dir='ltr'>ternpore</span> <span class='ocrx_word' id='word_1_243' title='bbox 1047 4210 1194 4290; x_wconf 90' lang='lat' dir='ltr'>iterum</span> <span class='ocrx_word' id='word_1_244' title='bbox 1239 4208 1399 4313; x_wconf 83' lang='lat' dir='ltr'>legatus</span> <span class='ocrx_word' id='word_1_245' title='bbox 1440 4236 1574 4315; x_wconf 87' lang='lat' dir='ltr'>papae</span> 
     </span>
     <span class='ocr_line' id='line_1_33' title="bbox 173 4330 1574 4437; baseline 0.001 -27"><span class='ocrx_word' id='word_1_246' title='bbox 173 4360 248 4437; x_wconf 87' lang='lat' dir='ltr'>pro</span> <span class='ocrx_word' id='word_1_247' title='bbox 282 4331 432 4412; x_wconf 79' lang='lat' dir='ltr'>liarolo</span> <span class='ocrx_word' id='word_1_248' title='bbox 467 4334 504 4411; x_wconf 93' lang='lat' dir='ltr'>in</span> <span class='ocrx_word' id='word_1_249' title='bbox 543 4332 760 4437; x_wconf 65' lang='lat' dir='ltr'>lfngmiam</span> <span class='ocrx_word' id='word_1_250' title='bbox 795 4332 919 4429; x_wconf 73' lang='lat' dir='ltr'>venit,</span> <span class='ocrx_word' id='word_1_251' title='bbox 960 4332 1031 4411; x_wconf 77' lang='lat' dir='ltr'>aed</span> <span class='ocrx_word' id='word_1_252' title='bbox 1063 4330 1208 4410; x_wconf 83' lang='lat' dir='ltr'>videns</span> <span class='ocrx_word' id='word_1_253' title='bbox 1242 4356 1286 4411; x_wconf 86' lang='lat' dir='ltr'>se</span> <span class='ocrx_word' id='word_1_254' title='bbox 1319 4330 1419 4410; x_wconf 84' lang='lat' dir='ltr'>nihil</span> <span class='ocrx_word' id='word_1_255' title='bbox 1453 4357 1574 4437; x_wconf 79' lang='lat' dir='ltr'>posse</span> 
     </span>
     <span class='ocr_line' id='line_1_34' title="bbox 171 4454 978 4559; baseline -0.002 -26"><span class='ocrx_word' id='word_1_256' title='bbox 171 4454 384 4559; x_wconf 74' lang='lat' dir='ltr'>prolicere,</span> <span class='ocrx_word' id='word_1_257' title='bbox 418 4482 606 4534; x_wconf 71' lang='lat' dir='ltr'>rarorum</span> <span class='ocrx_word' id='word_1_258' title='bbox 641 4472 702 4534; x_wconf 74' lang='lat' dir='ltr'>est</span> <span class='ocrx_word' id='word_1_259' title='bbox 736 4455 775 4531; x_wconf 94' lang='lat' dir='ltr'>in</span> <span class='ocrx_word' id='word_1_260' title='bbox 809 4454 978 4534; x_wconf 77' lang='lat' dir='ltr'>ruriam.</span> 
     </span>
    </p>

    <p class='ocr_par' dir='ltr' id='par_1_9' title="bbox 176 4566 1575 4905">
     <span class='ocr_line' id='line_1_35' title="bbox 331 4566 1575 4671; baseline -0.001 -22"><span class='ocrx_word' id='word_1_261' title='bbox 331 4572 481 4651; x_wconf 84' lang='lat' dir='ltr'>XXII.</span> <span class='ocrx_word' id='word_1_262' title='bbox 512 4568 620 4651; x_wconf 83' lang='lat' dir='ltr'>Otto</span> <span class='ocrx_word' id='word_1_263' title='bbox 640 4576 899 4669; x_wconf 72' lang='lat' dir='ltr'>coronatus,</span> <span class='ocrx_word' id='word_1_264' title='bbox 920 4576 1085 4671; x_wconf 76' lang='lat' dir='ltr'>eaptus</span> <span class='ocrx_word' id='word_1_265' title='bbox 1104 4575 1151 4647; x_wconf 79' lang='lat' dir='ltr'>ot</span> <span class='ocrx_word' id='word_1_266' title='bbox 1174 4574 1336 4670; x_wconf 76' lang='lat' dir='ltr'>postea</span> <span class='ocrx_word' id='word_1_267' title='bbox 1354 4566 1411 4647; x_wconf 81' lang='lat' dir='ltr'>tle</span> <span class='ocrx_word' id='word_1_268' title='bbox 1430 4589 1575 4670; x_wconf 74' lang='lat' dir='ltr'>regno</span> 
     </span>
     <span class='ocr_line' id='line_1_36' title="bbox 176 4675 1574 4793; baseline -0.003 -34"><span class='ocrx_word' id='word_1_269' title='bbox 176 4694 401 4793; x_wconf 67' lang='lat' dir='ltr'>expulsus</span> <span class='ocrx_word' id='word_1_270' title='bbox 421 4699 503 4771; x_wconf 68' lang='lat' dir='ltr'>est.</span> <span class='ocrx_word' id='word_1_271' title='bbox 536 4680 704 4760; x_wconf 80' lang='lat' dir='ltr'>Interim</span> <span class='ocrx_word' id='word_1_272' title='bbox 739 4680 906 4785; x_wconf 88' lang='lat' dir='ltr'>quidam</span> <span class='ocrx_word' id='word_1_273' title='bbox 941 4680 1008 4758; x_wconf 90' lang='lat' dir='ltr'>alii</span> <span class='ocrx_word' id='word_1_274' title='bbox 1033 4677 1193 4759; x_wconf 88' lang='lat' dir='ltr'>nobiles</span> <span class='ocrx_word' id='word_1_275' title='bbox 1211 4675 1407 4757; x_wconf 84' lang='lat' dir='ltr'>Ottonern</span> <span class='ocrx_word' id='word_1_276' title='bbox 1424 4677 1574 4759; x_wconf 79' lang='lat' dir='ltr'>ducem</span> 
     </span>
     <span class='ocr_line' id='line_1_37' title="bbox 176 4796 1575 4905; baseline -0.001 -26"><span class='ocrx_word' id='word_1_277' title='bbox 176 4800 375 4882; x_wconf 79' lang='lat' dir='ltr'>Hauniae</span> <span class='ocrx_word' id='word_1_278' title='bbox 394 4802 724 4901; x_wconf 83' lang='lat' dir='ltr'>introduxerunt,</span> <span class='ocrx_word' id='word_1_279' title='bbox 754 4819 794 4881; x_wconf 92' lang='lat' dir='ltr'>et</span> <span class='ocrx_word' id='word_1_280' title='bbox 810 4828 954 4883; x_wconf 81' lang='lat' dir='ltr'>seeum</span> <span class='ocrx_word' id='word_1_281' title='bbox 973 4826 1166 4881; x_wconf 83' lang='lat' dir='ltr'>eoronam</span> <span class='ocrx_word' id='word_1_282' title='bbox 1185 4798 1264 4881; x_wconf 87' lang='lat' dir='ltr'>sibi</span> <span class='ocrx_word' id='word_1_283' title='bbox 1279 4824 1356 4905; x_wconf 88' lang='lat' dir='ltr'>per</span> <span class='ocrx_word' id='word_1_284' title='bbox 1376 4796 1575 4879; x_wconf 78' lang='lat' dir='ltr'>Wenees-</span> 
     </span>
    </p>
   </div>
   <div class='ocr_carea' id='block_1_7' title="bbox 165 4988 377 4997">
    <p class='ocr_par' dir='ltr' id='par_1_10' title="bbox 165 4988 377 4997">
     <span class='ocr_line' id='line_1_38' title="bbox 165 4988 377 4997; baseline 0.009 -2"><span class='ocrx_word' id='word_1_285' title='bbox 165 4988 377 4997; x_wconf 75' lang='lat'><em>.-—-.-—-——-</em></span> 
     </span>
    </p>
   </div>
   <div class='ocr_carea' id='block_1_8' title="bbox 332 5076 1558 5175">
    <p class='ocr_par' dir='ltr' id='par_1_11' title="bbox 332 5076 1558 5175">
     <span class='ocr_line' id='line_1_39' title="bbox 332 5076 1558 5175; baseline -0.005 -24"><span class='ocrx_word' id='word_1_286' title='bbox 332 5076 358 5175; x_wconf 82' lang='lat'>¹)</span> <span class='ocrx_word' id='word_1_287' title='bbox 386 5078 465 5151; x_wconf 79' lang='lat' dir='ltr'>(lod.</span> <span class='ocrx_word' id='word_1_288' title='bbox 495 5077 707 5171; x_wconf 69' lang='lat' dir='ltr'>Toldyanns:</span> <span class='ocrx_word' id='word_1_289' title='bbox 737 5078 839 5151; x_wconf 78' lang='lat' dir='ltr'>IX-o.</span> <span class='ocrx_word' id='word_1_290' title='bbox 1521 5102 1558 5157; x_wconf 81' lang='lat'>34</span> 
     </span>
    </p>
   </div>
   <div class='ocr_carea' id='block_1_9' title="bbox 0 0 1800 5490">
    <p class='ocr_par' dir='ltr' id='par_1_12' title="bbox 0 0 1800 5490">
     <span class='ocr_line' id='line_1_40' title="bbox 0 0 1800 5490; baseline 0 0"><span class='ocrx_word' id='word_1_291' title='bbox 0 0 1800 5490; x_wconf 95' lang='lat' dir='ltr'> </span> 
     </span>
    </p>
   </div>
  </div>
 </body>
</html>
