3592 5490
741 336 897 437 ji.-

117 552 359 662 impendere
373 547 400 660 ¹)
433 580 517 635 non
551 553 697 660 potuit.
731 550 979 634 Conuocatis
1011 566 1152 632 autem
1181 548 1271 659 tilys
1305 547 1412 633 calui
1444 546 1522 632 La·

118 676 249 785 dizlay
284 675 417 782 patrui
452 675 527 776 sni,
561 675 719 756 scilicet
751 675 919 755 Anthea
954 674 1049 753 Bela
1082 686 1124 752 et
1165 668 1389 781 Leuente²)
1424 699 1523 755 con·

117 798 248 881 suluit
279 797 339 879 eis
380 811 427 879 ut
469 809 624 903 quanto
668 796 787 877 citius
832 809 1001 902 possent
1042 796 1244 900 lugerent,
1278 808 1324 876 ut
1354 795 1412 878 sic
1445 795 1523 878 sibi

118 921 310 1021 salutem,
344 933 386 999 et
418 944 635 1026 corporum
678 946 846 1000 snorum
894 917 1168 1022 integritatem
1210 912 1522 1025 reseruar·ent³.).

119 1042 182 1123 l-lli
226 1037 365 1149 vero⁴)
409 1041 563 1123 salubri
608 1041 777 1122 consilio
821 1040 952 1121 sancti
996 1039 1101 1144 regis
1141 1039 1466 1146 acquiescentes,
1500 1069 1525 1123 a

119 1163 223 1245 facie
256 1163 461 1245 malornm
496 1176 537 1243 et
569 1163 757 1244 dolorum
790 1162 830 1243 in
866 1162 1106 1242 Boheruiam
1140 1158 1403 1271 lugierunt⁵).

144 1473 231 1553 Ele
259 1477 470 1552 mortuus
498 1477 570 1551 eet
596 1477 787 1551 sanctus
815 1469 1079 1574 Stephanus
1106 1493 1189 1551 rex
1216 1473 1497 1574 pyeslmun).

277 1684 347 1765 69.
381 1684 503 1791 (aaa)
537 1683 690 1765 Beatus
734 1697 873 1765 autem
916 1712 989 1764 rex
1033 1683 1268 1790 Stephanus
1308 1687 1525 1769 sanctitate

121 1822 163 1889 et
194 1806 331 1914 gracia
363 1806 512 1913 plenus
546 1805 860 1912 quadragesimo
902 1820 1022 1889 sexto
1054 1832 1163 1886 anno
1200 1807 1312 1913 regni
1345 1805 1449 1915 sui⁷)
1484 1810 1523 1890 in

119 1932 225 2012 festo
258 1927 552 2035 assumptionis
587 1924 749 2034 beate⁸)
788 1923 956 2035 Marie⁹)
990 1927 1157 2033 virginis
1190 1956 1214 2008 a
1247 1930 1427 2035 presenti
1460 1959 1525 2014 se·

121 2052 217 2133 culo
250 2077 429 2157 nequam
471 2049 652 2156 eripitur,
687 2064 728 2131 et
759 2065 993 2131 sanctorum
1039 2050 1279 2155 angelornm
1314 2053 1525 2135 consorcio

121 2173 371 2279 adiungitur.
404 2170 601 2280 Sepultus
639 2186 702 2253 cst
744 2184 882 2253 antem
918 2173 957 2253 in
993 2171 1162 2253 basilica
1203 2200 1329 2278 quam
1363 2174 1451 2281 ipse
1484 2176 1525 2256 in

122 2296 277 2377 honore
319 2294 578 2377 satiatissime
621 2294 827 2400 genitricis
868 2295 935 2374 dei
980 2321 1145 2400 semper
1189 2295 1353 2400 virginis
1399 2295 1525 2379 Maria

122 2431 421 2501 construxerat.
457 2416 536 2498 Ubi
574 2417 706 2498 multa
737 2416 853 2521 signa
886 2431 927 2497 et
959 2416 1158 2497 miracula
1202 2417 1304 2498 liunt
1347 2418 1526 2502 interue-

122 2540 334 2621 nientibus
377 2538 532 2621 meritis
575 2538 760 2621 eiusdem
805 2537 1049 2621 sanctissimi
1095 2538 1200 2644 regis
1240 2537 1437 2647 Stephani
1475 2542 1526 2624 ad

122 2663 291 2745 laudern
324 2675 365 2742 et
396 2660 566 2767 gloriam
599 2661 754 2742 domini
788 2661 914 2745 nostri
945 2660 1046 2742 desn
1074 2658 1233 2764 Christi,
1257 2662 1328 2768 qui
1361 2677 1423 2746 cst
1456 2665 1527 2746 be·

123 2784 315 2866 nedictus
347 2783 388 2864 in
414 2782 556 2865 secula
587 2784 836 2865 seculorum.
869 2780 1019 2863 Amen.

176 3093 264 3174 Ele
281 3093 506 3198 sepelitur
524 3099 715 3174 canctus
734 3116 819 3174 rex
837 3100 885 3173 et
902 3093 954 3174 st
971 3093 1187 3196 planctus
1214 3093 1478 3199 magunum).

285 3303 352 3390 70.
399 3305 624 3389 Confestim
671 3333 839 3414 qnoque
887 3308 1019 3389 tocius
1062 3307 1271 3414 Hungarie
1313 3304 1530 3417 cithara¹¹)

108 3457 247 3512 -versa
279 3442 342 3511 est
373 3429 414 3509 in
449 3429 620 3530 luctum,
651 3444 692 3509 et
724 3429 858 3511 omnis
891 3430 1072 3537 populus
1107 3430 1218 3536 regni
1252 3446 1336 3512 tarn
1368 3431 1532 3513 nobiles

127 3578 256 3660 qnam
288 3550 501 3657 ignobiles,
535 3551 657 3633 simul
692 3551 731 3631 in
767 3580 898 3634 unum
941 3552 1059 3634 diues
1093 3567 1134 3631 et
1165 3578 1325 3659 pauper
1357 3553 1532 3661 planxe-

129 3689 226 3756 runt
256 3699 383 3780 snper
415 3690 545 3754 morte
579 3673 824 3755 sanctissimi
868 3669 1051 3780 r·egis¹²),
1083 3674 1253 3781 pyssimi
1296 3676 1422 3782 patris
1456 3704 1533 3783 pu·

129 3796 323 3905 pillorum
357 3791 599 3902 lacrirnis'³)
633 3795 863 3895 uberrimis,
897 3812 938 3875 et
971 3797 1198 3878 ululatibus
1230 3796 1432 3903 plurimis.
1457 3796 1534 3879 dn·

128 3946 258 4000 uenes
301 3934 344 3999 et
379 3917 557 4025 virgines
599 3932 672 4024 pre
714 3917 884 3998 tristicia
923 3934 964 3998 et
996 3945 1153 4000 merore
1196 3918 1360 4002 scalidis
1402 3919 1533 4002 induti

128 4033 378 4146 vestibus¹⁴)
412 4067 487 4146 per
519 4039 741 4121 triennium
775 4039 966 4120 choream
1001 4068 1082 4121 non
1117 4041 1342 4142 duxerunt,
1371 4058 1413 4121 et
1445 4068 1534 4123 orn·

291 4311 316 4397 ¹)
339 4315 477 4389 inferre.
508 4311 535 4393 ²)
559 4317 706 4389 quenta.
738 4315 776 4389 S,
807 4310 834 4394 3)
859 4324 1036 4390 seruarent
1076 4316 1322 4410 integritatem.
1363 4315 1390 4398 ‘l
1414 4317 1532 4412 igitur.

130 4417 157 4500 5)
181 4421 355 4514 fugerunt.
388 4415 416 4503 ⁸)
439 4420 490 4495 De
518 4427 628 4494 morte
658 4418 766 4494 sanct'
797 4419 968 4512 Stephani
995 4421 1098 4516 regis.
1120 4423 1160 4494 B.
1182 4423 1309 4494 Beatus
1329 4446 1390 4495 rex
1412 4423 1532 4515 Steph.

128 4525 274 4599 moritur
301 4530 336 4597 et
363 4523 455 4599 Albe
483 4526 682 4598 tumulatur.
714 4526 782 4599 VP.
822 4524 872 4595 De
908 4525 1002 4598 obitu
1035 4526 1146 4600 saneti
1176 4527 1268 4618 regis
1298 4525 1467 4620 Stephani
1497 4527 1532 4602 S.

133 4626 160 4719 ἵ)
183 4628 237 4703 sni
265 4628 373 4724 regni.
394 4630 434 4704 V.
465 4623 492 4706 ⁸)
514 4628 721 4703 beatissime.
742 4628 819 4702 VP.
849 4628 937 4702 st.
968 4626 995 4706 ⁹)
1020 4654 1164 4724 semper.
1194 4630 1270 4702 add.
1300 4632 1370 4704 VP.
1404 4626 1445 4712 ¹⁰)
1465 4655 1534 4706 mo·

130 4734 242 4809 nitunt
268 4732 401 4808 librarii
428 4734 469 4807 de
497 4733 645 4828 imagine
673 4732 708 4806 in
737 4733 809 4808 loco
837 4754 941 4806 vacuo
970 4734 1183 4809 delineanda.
1220 4730 1259 4816 ¹¹)
1279 4737 1419 4830 cythara
1441 4738 1535 4810 Hun-

130 4836 240 4937 garie.
271 4839 340 4915 VP.
380 4833 419 4917 ¹²)
454 4837 633 4935 Stephani.
662 4839 739 4912 add.
769 4839 806 4916 S.
847 4832 1083 4936 ¹³)lagrin1is.
1114 4843 1149 4917 S.
1195 4837 1236 4919 ¹⁴}
1265 4864 1330 4916 orn.

1417 4977 1432 5034 'l
