3592 5490
846 344 1003 456 493-

217 570 401 672 nificum,
435 563 602 652 caritate
636 568 922 676 conspicuum.
945 569 1125 652 Emicuit
1158 570 1314 679 quippe
1349 570 1468 678 quasi
1497 569 1624 654 ¹stella

217 693 423 775 matutina
463 693 501 772 in
547 691 683 772 medio
727 693 894 794 nebule,
927 694 1074 798 fugans
1116 694 1228 774 tedia
1267 695 1548 795 tenebrarum,
1584 709 1625 774 et

220 817 340 922 quasi
371 815 470 896 luna
514 814 639 921 plena
681 815 720 893 iu
761 814 908 897 diebus
948 816 1046 917 suis,
1090 812 1246 922 relut¹)
1290 816 1419 897 eciam
1465 817 1525 898 sol
1558 844 1622 897 re·

217 938 383 1043 fulgens
416 937 475 1018 sic
508 936 661 1018 effulsit
697 936 737 1016 iu
771 937 927 1043 populo
960 963 1047 1039 suc,
1082 938 1201 1043 quasi
1233 938 1362 1046 adeps
1405 952 1622 1044 separatus

219 1087 245 1140 a
277 1085 414 1140 carne.
458 1057 509 1139 Et
552 1086 648 1138 cum
698 1058 887 1142 leonibus
939 1072 980 1140 et
1020 1054 1167 1166 ursis²)
1210 1058 1309 1141 lusit
1357 1061 1475 1166 quasi
1524 1087 1622 1141 cum

217 1182 334 1287 agnis
375 1181 530 1261 ouium.
564 1179 776 1287 Numquid
820 1207 903 1260 non
946 1181 1096 1262 occidit
1136 1182 1344 1286 gigantem
1378 1197 1420 1262 et
1452 1182 1624 1264 abstulit

218 1302 490 1411 opprobrium
524 1329 576 1382 ex
611 1301 749 1384 lsrael.
783 1301 999 1384 Conuertit
1039 1303 1148 1383 enim
1194 1304 1381 1386 inimicos
1414 1330 1512 1386 suos
1544 1332 1622 1385 uu·

218 1424 358 1532 dique,
393 1438 435 1504 et
473 1423 697 1531 extirpauit
738 1425 997 1508 aduersarios
1029 1426 1173 1533 populi
1207 1421 1324 1532 sui³).
1370 1425 1469 1505 Erat
1511 1426 1620 1505 enim

218 1575 398 1655 magnus
431 1546 661 1629 secundum
706 1542 901 1653 nomem)
948 1549 1191 1628 maximum.
1229 1546 1331 1628 Nam
1368 1547 1400 1629 si
1435 1547 1621 1654 ethymo-

218 1665 370 1776 logia⁵)
414 1664 634 1774 nominis⁶)
678 1668 925 1770 alludamus
970 1668 1196 1768 ladizlaus,
1231 1669 1347 1776 quasi
1392 1669 1483 1750 laus
1517 1669 1622 1750 diui·

217 1793 332 1874 nitus
386 1787 524 1896 duab
569 1790 728 1871 dicitur.
781 1791 883 1872 Laos
932 1792 1042 1871 enim
1088 1791 1267 1898 populus
1310 1792 1623 1898 interpretatum

219 1908 365 2023 doys⁸)
408 1927 547 1994 autem
592 1913 695 1994 dans
738 1914 804 1992 vel
848 1913 966 1993 dacio
1007 1913 1097 1994 siue
1140 1913 1296 1993 datum.
1332 1913 1466 1994 Prima
1511 1914 1622 1994 enim

220 2036 355 2118 silaba
387 2035 565 2116 nominis
599 2035 687 2116 eius
721 2035 810 2116 laus
843 2050 906 2115 est
938 2062 1012 2141 per
1044 2061 1275 2141 paragogen
1287 2030 1331 2141 9).

387 2160 486 2237 111.
520 2157 646 2263 (alb)
680 2157 901 2263 Postquam
946 2172 1085 2238 autem
1129 2157 1271 2238 diuina
1317 2158 1624 2264 dispensatione

222 2279 338 2384 regni
365 2280 550 2385 suscepit
581 2276 926 2386 gubernacula¹⁰)
955 2306 1037 2359 nou
1068 2280 1318 2360 mundanam
1352 2279 1522 2384 gloriam
1557 2307 1625 2361 ca-

222 2402 374 2482 ducam
409 2414 450 2481 et
482 2401 769 2501 transitoriam,
803 2402 874 2481 sed
917 2405 1113 2484 celestem
1157 2402 1330 2508 patriam
1365 2422 1406 2482 et
1439 2402 1623 2483 diuinam

221 2523 394 2628 gloriam
428 2539 513 2602 toto
537 2523 670 2603 cordis
696 2523 846 2604 affectu
872 2524 1093 2630 promereri
1118 2524 1288 2604 studuit.
1306 2523 1481 2631 Semper
1513 2524 1624 2604 enim

219 2647 412 2725 timorem
447 2645 601 2725 domini
637 2672 708 2751 pre
731 2646 860 2727 oculis
884 2646 1085 2726 babuitin
1120 2646 1314 2727 omnibus
1348 2645 1508 2754 iudicys
1525 2646 1623 2746 soie,

221 2768 405 2848 maxime
439 2767 479 2847 in
514 2767 649 2848 causis
683 2768 976 2867 criminalibus,
1011 2768 1051 2846 iu
1086 2767 1238 2872 quibus
1272 2768 1381 2848 ulcio
1414 2795 1489 2848 seu
1516 2795 1625 2873 pena

220 2889 434 2993 sanguinis
468 2889 677 2994 irrogatur.
707 2889 826 2969 Unde
847 2891 886 2969 iu
911 2890 1105 2969 ominbus
1128 2888 1288 2996 iudicys
1321 2889 1406 2970 suis
1440 2889 1624 2993 mitigata

223 3011 361 3115 legum
395 3012 615 3092 seueritate
642 3038 808 3117 semper
840 3013 1034 3093 utebatur
1069 3010 1344 3091 misericordie
1377 3006 1622 3115 leuitate¹¹).

223 3131 317 3214 Erat
350 3132 458 3213 enim
494 3133 726 3214 consolator
758 3132 1014 3232 afflictorum,
1043 3133 1285 3213 subleuator
1317 3159 1623 3239 oppressorum,

225 3255 315 3358 pius
350 3269 468 3361 pater
495 3255 760 3361 pupillorum,
783 3271 823 3334 et
846 3268 1052 3361 protector
1074 3254 1366 3360 orphanorum.
1389 3253 1467 3348 oni
1491 3254 1622 3334 eciam

224 3379 353 3458 rictor
385 3376 608 3458 honoratus
642 3377 805 3457 inclitus
839 3395 1040 3481 augustus
1073 3376 1221 3471 extitit,
1256 3402 1336 3455 non
1372 3393 1454 3455 tam
1491 3376 1625 3456 nomi·

216 3523 321 3581 uuru
357 3498 619 3606 proprietate,
653 3525 777 3603 quam
823 3527 958 3579 rerum
1001 3494 1250 3603 re1·itate¹²),
1286 3498 1472 3578 Adauxit
1513 3498 1624 3577 enim

214 3643 308 3702 rem
337 3620 549 3726 publicam
582 3619 802 3724 Huugarie.
827 3621 921 3727 lpse
947 3615 1181 3727 quidem¹³)
1210 3618 1468 3700 Dalmaciam
1499 3636 1624 3725 atque

200 3737 435 3824 Croaoiam
470 3767 544 3823 sue
578 3741 817 3822 monarchia
860 3742 948 3822 iure
991 3757 1191 3848 perpetuo
1234 3742 1484 3846 subiugauit.
1519 3740 1624 3822 Cum

188 3865 330 3946 enim
365 3890 440 3943 rex
474 3858 781 3970 Zoromerus¹⁴)
815 3864 903 3945 sine
936 3865 1074 3945 liberis
1107 3863 1363 3962 decessisset,
1399 3888 1505 3945 uxor
1537 3864 1625 3945 eius

176 4002 337 4070 Soror
369 3985 474 4089 regis
507 3985 682 4068 Ladislai
706 3987 758 4067 ab
791 3985 967 4066 inimicis
986 3986 1058 4065 viri
1092 3984 1155 4066 sui
1180 3985 1321 4066 multis
1355 3985 1512 4093 iuiurys
1533 4012 1625 4092 pre·

174 4123 406 4207 grauata,
439 4107 643 4189 auxilium
676 4107 810 4189 fratris
838 4107 900 4187 sui
928 4108 1033 4211 regis
1056 4106 1231 4188 Ladislai
1260 4108 1300 4186 in
1334 4108 1502 4188 nomine
1521 4107 1624 4188 lesu

174 4220 372 4312 Christi
404 4228 652 4336 implorauit.
679 4228 807 4310 Cuius
840 4229 1030 4310 iniuriam
1065 4256 1138 4308 rex
1172 4230 1352 4334 grauiter
1385 4229 1622 4331 uindicauit,

174 4385 430 4412 χρ,-

383 4467 407 4558 ι)
431 4471 529 4542 valde
550 4470 585 4543 S.
617 4464 644 4550 ²)
669 4471 815 4543 ursinus.
847 4464 874 4546 ³)
901 4493 978 4564 pop.
1000 4471 1063 4544 sui.
1087 4494 1152 4543 om.
1183 4468 1211 4539 ⁴)
1236 4493 1345 4543 sunm.
1367 4470 1444 4542 add.
1476 4464 1502 4547 ⁶)
1527 4471 1624 4563 ctlry·

174 4575 385 4670 llrologie.
416 4570 443 4652 ⁶)
468 4572 552 4647 eius,
582 4575 659 4647 add.
692 4569 718 4662 ⁷)
741 4577 878 4667 populo.
909 4576 985 4648 add.
1017 4572 1044 4656 ⁸)
1069 4575 1171 4648 dosis.
1204 4569 1230 4654 ⁹)
1254 4596 1472 4668 peragoncm.
1502 4575 1536 4646 S.
1565 4596 1626 4667 per

174 4686 371 4777 fflgogen.
394 4678 436 4753 a.
470 4680 535 4770 ,Et
564 4678 719 4771 quamuis
752 4722 792 4730 -—
829 4724 869 4732 -
903 4681 1068 4752 lenaeo
1111 4678 1278 4773 adiungit.
1307 4680 1382 4753 VP.
1416 4675 1458 4757 ¹⁰)
1482 4680 1624 4771 gubern.

174 4791 355 4877 'Suscep
388 4779 429 4864 ¹¹)
458 4782 600 4855 leuitate
629 4787 666 4858 ὃ.
701 4777 740 4864 ¹²)
773 4783 948 4857 varietate.
979 4784 1019 4856 Α.
1055 4780 1094 4872 ¹³)
1120 4783 1225 4875 prius,
1259 4779 1300 4861 ¹⁴)
1328 4785 1542 4856 Zozemerrm.
1577 4782 1623 4856 A.

174 4871 437 4965 Zoidmerus.
455 4887 490 4960 S.
519 4887 729 4960 Zolomerus
758 4887 837 4964 VP.
