<?xml version="1.0" encoding="UTF-8"?>
<!DOCTYPE html PUBLIC "-//W3C//DTD XHTML 1.0 Transitional//EN"
    "http://www.w3.org/TR/xhtml1/DTD/xhtml1-transitional.dtd">
<html xmlns="http://www.w3.org/1999/xhtml" xml:lang="en" lang="en">
 <head>
  <title>
</title>
<meta http-equiv="Content-Type" content="text/html;charset=utf-8" />
  <meta name='ocr-system' content='tesseract 3.04.00' />
  <meta name='ocr-capabilities' content='ocr_page ocr_carea ocr_par ocr_line ocrx_word'/>
</head>
<body>
  <div class='ocr_page' id='page_1' title='image "./chronicondubnic00florgoog_0179.png"; bbox 0 0 3592 5490; ppageno 0'>
   <div class='ocr_carea' id='block_1_1' title="bbox 769 379 925 479">
    <p class='ocr_par' dir='ltr' id='par_1_1' title="bbox 769 379 925 479">
     <span class='ocr_line' id='line_1_1' title="bbox 769 379 925 479; baseline 0 -38"><span class='ocrx_word' id='word_1_1' title='bbox 769 379 925 479; x_wconf 44' lang='lat' dir='ltr'><em>Q</em></span> 
     </span>
    </p>
   </div>
   <div class='ocr_carea' id='block_1_2' title="bbox 208 589 1499 816">
    <p class='ocr_par' dir='ltr' id='par_1_2' title="bbox 208 589 1499 816">
     <span class='ocr_line' id='line_1_2' title="bbox 208 589 1499 697; baseline 0 -26"><span class='ocrx_word' id='word_1_2' title='bbox 208 591 291 687; x_wconf 81' lang='lat' dir='ltr'>(De</span> <span class='ocrx_word' id='word_1_3' title='bbox 326 592 473 697; x_wconf 80' lang='lat' dir='ltr'>prelio</span> <span class='ocrx_word' id='word_1_4' title='bbox 510 592 754 672; x_wconf 73' lang='lat' dir='ltr'>commisso</span> <span class='ocrx_word' id='word_1_5' title='bbox 791 597 837 670; x_wconf 81' lang='lat' dir='ltr'>et</span> <span class='ocrx_word' id='word_1_6' title='bbox 873 590 1072 671; x_wconf 79' lang='lat' dir='ltr'>victoria</span> <span class='ocrx_word' id='word_1_7' title='bbox 1102 614 1186 695; x_wconf 81' lang='lat' dir='ltr'>per</span> <span class='ocrx_word' id='word_1_8' title='bbox 1214 589 1499 696; x_wconf 78' lang='lat' dir='ltr'><strong>Stephanum</strong></span> 
     </span>
     <span class='ocr_line' id='line_1_3' title="bbox 646 711 1098 816; baseline -0.002 -24"><span class='ocrx_word' id='word_1_9' title='bbox 646 711 913 816; x_wconf 77' lang='lat' dir='ltr'>voyuodam</span> <span class='ocrx_word' id='word_1_10' title='bbox 941 714 1098 804; x_wconf 79' lang='lat' dir='ltr'>taeta.)</span> 
     </span>
    </p>
   </div>
   <div class='ocr_carea' id='block_1_3' title="bbox 145 944 1551 2518">
    <p class='ocr_par' dir='ltr' id='par_1_3' title="bbox 145 944 1551 2518">
     <span class='ocr_line' id='line_1_4' title="bbox 307 944 1550 1052; baseline 0 -26"><span class='ocrx_word' id='word_1_11' title='bbox 307 944 405 1026; x_wconf 82' lang='lat'><strong>182.</strong></span> <span class='ocrx_word' id='word_1_12' title='bbox 439 944 534 1026; x_wconf 84' lang='lat' dir='ltr'>Post</span> <span class='ocrx_word' id='word_1_13' title='bbox 566 971 775 1026; x_wconf 77' lang='lat' dir='ltr'>recessum</span> <span class='ocrx_word' id='word_1_14' title='bbox 810 957 951 1024; x_wconf 88' lang='lat' dir='ltr'>autem</span> <span class='ocrx_word' id='word_1_15' title='bbox 981 945 1084 1047; x_wconf 80' lang='lat' dir='ltr'>regis</span> <span class='ocrx_word' id='word_1_16' title='bbox 1103 945 1271 1049; x_wconf 65' lang='lat' dir='ltr'>(puidam</span> <span class='ocrx_word' id='word_1_17' title='bbox 1291 945 1550 1052; x_wconf 74' lang='lat' dir='ltr'>Neapolitani</span> 
     </span>
     <span class='ocr_line' id='line_1_5' title="bbox 145 1061 1550 1173; baseline 0.001 -26"><span class='ocrx_word' id='word_1_18' title='bbox 145 1078 188 1147; x_wconf 89' lang='lat' dir='ltr'>et</span> <span class='ocrx_word' id='word_1_19' title='bbox 221 1067 373 1149; x_wconf 89' lang='lat' dir='ltr'>ibidem</span> <span class='ocrx_word' id='word_1_20' title='bbox 409 1067 559 1149; x_wconf 90' lang='lat' dir='ltr'>milites</span> <span class='ocrx_word' id='word_1_21' title='bbox 593 1061 838 1173; x_wconf 83' lang='lat' dir='ltr'>capitanei¹)</span> <span class='ocrx_word' id='word_1_22' title='bbox 872 1066 1125 1147; x_wconf 76' lang='lat' dir='ltr'>sedicionem</span> <span class='ocrx_word' id='word_1_23' title='bbox 1160 1066 1550 1150; x_wconf 74' lang='lat' dir='ltr'>concitanteswd-</span> 
     </span>
     <span class='ocr_line' id='line_1_6' title="bbox 145 1189 1549 1298; baseline 0 -28"><span class='ocrx_word' id='word_1_24' title='bbox 145 1189 308 1271; x_wconf 85' lang='lat' dir='ltr'>sardum</span> <span class='ocrx_word' id='word_1_25' title='bbox 354 1189 618 1296; x_wconf 74' lang='lat' dir='ltr'>capitaneum</span> <span class='ocrx_word' id='word_1_26' title='bbox 664 1189 894 1295; x_wconf 87' lang='lat' dir='ltr'>predictum</span> <span class='ocrx_word' id='word_1_27' title='bbox 946 1190 1209 1295; x_wconf 82' lang='lat' dir='ltr'>expulerunt.</span> <span class='ocrx_word' id='word_1_28' title='bbox 1259 1189 1309 1269; x_wconf 84' lang='lat' dir='ltr'>Et</span> <span class='ocrx_word' id='word_1_29' title='bbox 1357 1191 1549 1298; x_wconf 89' lang='lat' dir='ltr'>superbia</span> 
     </span>
     <span class='ocr_line' id='line_1_7' title="bbox 146 1308 1550 1418; baseline 0 -26"><span class='ocrx_word' id='word_1_30' title='bbox 146 1310 272 1392; x_wconf 89' lang='lat' dir='ltr'>intlati</span> <span class='ocrx_word' id='word_1_31' title='bbox 306 1312 357 1392; x_wconf 90' lang='lat' dir='ltr'>ad</span> <span class='ocrx_word' id='word_1_32' title='bbox 391 1311 688 1418; x_wconf 86' lang='lat' dir='ltr'>expellendum</span> <span class='ocrx_word' id='word_1_33' title='bbox 730 1312 864 1417; x_wconf 91' lang='lat' dir='ltr'>ipsum</span> <span class='ocrx_word' id='word_1_34' title='bbox 910 1308 1166 1417; x_wconf 78' lang='lat' dir='ltr'>Stephanum</span> <span class='ocrx_word' id='word_1_35' title='bbox 1212 1313 1445 1418; x_wconf 82' lang='lat' dir='ltr'>voyuodam</span> <span class='ocrx_word' id='word_1_36' title='bbox 1490 1312 1550 1392; x_wconf 93' lang='lat' dir='ltr'>in·</span> 
     </span>
     <span class='ocr_line' id='line_1_8' title="bbox 145 1430 1550 1539; baseline 0 -24"><span class='ocrx_word' id='word_1_37' title='bbox 145 1446 379 1539; x_wconf 78' lang='lat' dir='ltr'>surgentes,</span> <span class='ocrx_word' id='word_1_38' title='bbox 428 1434 535 1514; x_wconf 90' lang='lat' dir='ltr'>inter</span> <span class='ocrx_word' id='word_1_39' title='bbox 581 1430 783 1515; x_wconf 82' lang='lat' dir='ltr'>Auersam</span> <span class='ocrx_word' id='word_1_40' title='bbox 834 1432 1043 1512; x_wconf 84' lang='lat' dir='ltr'>ciuitatem</span> <span class='ocrx_word' id='word_1_41' title='bbox 1088 1448 1129 1513; x_wconf 87' lang='lat' dir='ltr'>et</span> <span class='ocrx_word' id='word_1_42' title='bbox 1161 1433 1375 1539; x_wconf 82' lang='lat' dir='ltr'>Neapolim</span> <span class='ocrx_word' id='word_1_43' title='bbox 1411 1434 1550 1516; x_wconf 87' lang='lat' dir='ltr'>habito</span> 
     </span>
     <span class='ocr_line' id='line_1_9' title="bbox 147 1555 1550 1663; baseline 0.001 -28"><span class='ocrx_word' id='word_1_44' title='bbox 147 1581 371 1660; x_wconf 85' lang='lat' dir='ltr'>congressu</span> <span class='ocrx_word' id='word_1_45' title='bbox 404 1556 671 1637; x_wconf 89' lang='lat' dir='ltr'>fortissiunnn</span> <span class='ocrx_word' id='word_1_46' title='bbox 708 1555 883 1662; x_wconf 87' lang='lat' dir='ltr'>prelium</span> <span class='ocrx_word' id='word_1_47' title='bbox 930 1568 992 1636; x_wconf 90' lang='lat' dir='ltr'>est</span> <span class='ocrx_word' id='word_1_48' title='bbox 1039 1556 1328 1658; x_wconf 88' lang='lat' dir='ltr'>commissum,</span> <span class='ocrx_word' id='word_1_49' title='bbox 1379 1557 1417 1637; x_wconf 91' lang='lat' dir='ltr'>in</span> <span class='ocrx_word' id='word_1_50' title='bbox 1467 1583 1550 1663; x_wconf 85' lang='lat' dir='ltr'>quo</span> 
     </span>
     <span class='ocr_line' id='line_1_10' title="bbox 146 1675 1550 1785; baseline 0.001 -28"><span class='ocrx_word' id='word_1_51' title='bbox 146 1677 312 1758; x_wconf 85' lang='lat' dir='ltr'>volente</span> <span class='ocrx_word' id='word_1_52' title='bbox 346 1678 424 1757; x_wconf 87' lang='lat' dir='ltr'>deo</span> <span class='ocrx_word' id='word_1_53' title='bbox 459 1679 546 1785; x_wconf 89' lang='lat' dir='ltr'>ipse</span> <span class='ocrx_word' id='word_1_54' title='bbox 579 1675 814 1784; x_wconf 71' lang='lat' dir='ltr'>Stephanus</span> <span class='ocrx_word' id='word_1_55' title='bbox 849 1676 1040 1784; x_wconf 85' lang='lat' dir='ltr'>voyuoda</span> <span class='ocrx_word' id='word_1_56' title='bbox 1072 1706 1166 1757; x_wconf 85' lang='lat' dir='ltr'>eum</span> <span class='ocrx_word' id='word_1_57' title='bbox 1191 1678 1377 1759; x_wconf 83' lang='lat' dir='ltr'>exercitu</span> <span class='ocrx_word' id='word_1_58' title='bbox 1395 1680 1550 1759; x_wconf 91' lang='lat' dir='ltr'>domini</span> 
     </span>
     <span class='ocr_line' id='line_1_11' title="bbox 145 1799 1551 1904; baseline 0.001 -24"><span class='ocrx_word' id='word_1_59' title='bbox 145 1801 251 1904; x_wconf 85' lang='lat' dir='ltr'>regis</span> <span class='ocrx_word' id='word_1_60' title='bbox 286 1801 497 1881; x_wconf 88' lang='lat' dir='ltr'>victoriam</span> <span class='ocrx_word' id='word_1_61' title='bbox 531 1800 768 1897; x_wconf 87' lang='lat' dir='ltr'>obtinendo,</span> <span class='ocrx_word' id='word_1_62' title='bbox 803 1800 954 1881; x_wconf 84' lang='lat' dir='ltr'>multos</span> <span class='ocrx_word' id='word_1_63' title='bbox 988 1799 1159 1881; x_wconf 85' lang='lat' dir='ltr'>comites</span> <span class='ocrx_word' id='word_1_64' title='bbox 1192 1801 1366 1881; x_wconf 89' lang='lat' dir='ltr'>barones</span> <span class='ocrx_word' id='word_1_65' title='bbox 1402 1802 1551 1883; x_wconf 84' lang='lat' dir='ltr'>milites</span> 
     </span>
     <span class='ocr_line' id='line_1_12' title="bbox 146 1920 1549 2028; baseline 0.001 -25"><span class='ocrx_word' id='word_1_66' title='bbox 146 1923 307 2005; x_wconf 86' lang='lat' dir='ltr'>nobiles</span> <span class='ocrx_word' id='word_1_67' title='bbox 340 1936 382 2002; x_wconf 92' lang='lat' dir='ltr'>et</span> <span class='ocrx_word' id='word_1_68' title='bbox 414 1922 527 2003; x_wconf 85' lang='lat' dir='ltr'>ciues</span> <span class='ocrx_word' id='word_1_69' title='bbox 561 1922 611 2001; x_wconf 90' lang='lat' dir='ltr'>de</span> <span class='ocrx_word' id='word_1_70' title='bbox 637 1920 821 2028; x_wconf 78' lang='lat' dir='ltr'>Neapoli,</span> <span class='ocrx_word' id='word_1_71' title='bbox 855 1921 942 2028; x_wconf 79' lang='lat' dir='ltr'>alys</span> <span class='ocrx_word' id='word_1_72' title='bbox 976 1921 1198 2003; x_wconf 85' lang='lat' dir='ltr'>interfectis</span> <span class='ocrx_word' id='word_1_73' title='bbox 1232 1923 1474 2028; x_wconf 54' lang='lat' dir='ltr'>‹carptiuauit</span> <span class='ocrx_word' id='word_1_74' title='bbox 1509 1937 1549 2004; x_wconf 91' lang='lat' dir='ltr'>et</span> 
     </span>
     <span class='ocr_line' id='line_1_13' title="bbox 145 2044 1550 2152; baseline 0.001 -26"><span class='ocrx_word' id='word_1_75' title='bbox 145 2045 277 2152; x_wconf 90' lang='lat' dir='ltr'>spolia</span> <span class='ocrx_word' id='word_1_76' title='bbox 310 2044 493 2151; x_wconf 88' lang='lat' dir='ltr'>ipsorum</span> <span class='ocrx_word' id='word_1_77' title='bbox 528 2044 710 2124; x_wconf 79' lang='lat' dir='ltr'>maxima</span> <span class='ocrx_word' id='word_1_78' title='bbox 741 2044 931 2143; x_wconf 68' lang='lat' dir='ltr'>elitinuit,</span> <span class='ocrx_word' id='word_1_79' title='bbox 966 2056 1007 2123; x_wconf 84' lang='lat' dir='ltr'>et</span> <span class='ocrx_word' id='word_1_80' title='bbox 1039 2044 1231 2149; x_wconf 79' lang='lat' dir='ltr'>gentilms</span> <span class='ocrx_word' id='word_1_81' title='bbox 1265 2044 1421 2125; x_wconf 89' lang='lat' dir='ltr'>domini</span> <span class='ocrx_word' id='word_1_82' title='bbox 1444 2046 1550 2150; x_wconf 84' lang='lat' dir='ltr'>regis</span> 
     </span>
     <span class='ocr_line' id='line_1_14' title="bbox 147 2166 1549 2275; baseline 0.001 -29"><span class='ocrx_word' id='word_1_83' title='bbox 147 2194 242 2247; x_wconf 86' lang='lat' dir='ltr'>eum</span> <span class='ocrx_word' id='word_1_84' title='bbox 277 2167 464 2271; x_wconf 85' lang='lat' dir='ltr'>largitate</span> <span class='ocrx_word' id='word_1_85' title='bbox 498 2166 724 2267; x_wconf 81' lang='lat' dir='ltr'>distribuit,</span> <span class='ocrx_word' id='word_1_86' title='bbox 770 2166 956 2272; x_wconf 85' lang='lat' dir='ltr'>captiuos</span> <span class='ocrx_word' id='word_1_87' title='bbox 990 2166 1030 2246; x_wconf 94' lang='lat' dir='ltr'>in</span> <span class='ocrx_word' id='word_1_88' title='bbox 1065 2192 1216 2271; x_wconf 84' lang='lat' dir='ltr'>magua</span> <span class='ocrx_word' id='word_1_89' title='bbox 1249 2194 1445 2274; x_wconf 84' lang='lat' dir='ltr'>sumpma</span> <span class='ocrx_word' id='word_1_90' title='bbox 1477 2195 1549 2275; x_wconf 91' lang='lat' dir='ltr'>pe-</span> 
     </span>
     <span class='ocr_line' id='line_1_15' title="bbox 146 2288 1547 2396; baseline 0 -26"><span class='ocrx_word' id='word_1_91' title='bbox 146 2289 361 2370; x_wconf 84' lang='lat' dir='ltr'>cuniarum</span> <span class='ocrx_word' id='word_1_92' title='bbox 397 2288 622 2396; x_wconf 87' lang='lat' dir='ltr'>pactaud0,</span> <span class='ocrx_word' id='word_1_93' title='bbox 668 2289 816 2369; x_wconf 87' lang='lat' dir='ltr'>liberos</span> <span class='ocrx_word' id='word_1_94' title='bbox 849 2288 961 2368; x_wconf 84' lang='lat' dir='ltr'>abire</span> <span class='ocrx_word' id='word_1_95' title='bbox 996 2289 1191 2395; x_wconf 76' lang='lat' dir='ltr'>permisit.</span> <span class='ocrx_word' id='word_1_96' title='bbox 1226 2289 1371 2369; x_wconf 83' lang='lat' dir='ltr'>Fretns</span> <span class='ocrx_word' id='word_1_97' title='bbox 1409 2305 1547 2372; x_wconf 90' lang='lat' dir='ltr'>autem</span> 
     </span>
     <span class='ocr_line' id='line_1_16' title="bbox 145 2411 1346 2518; baseline -0.002 -25"><span class='ocrx_word' id='word_1_98' title='bbox 145 2412 299 2493; x_wconf 90' lang='lat' dir='ltr'>ibidem</span> <span class='ocrx_word' id='word_1_99' title='bbox 335 2411 515 2509; x_wconf 81' lang='lat' dir='ltr'>victoria,</span> <span class='ocrx_word' id='word_1_100' title='bbox 549 2411 589 2489; x_wconf 90' lang='lat' dir='ltr'>in</span> <span class='ocrx_word' id='word_1_101' title='bbox 624 2411 712 2518; x_wconf 86' lang='lat' dir='ltr'>ipso</span> <span class='ocrx_word' id='word_1_102' title='bbox 747 2438 870 2514; x_wconf 75' lang='lat' dir='ltr'>regno</span> <span class='ocrx_word' id='word_1_103' title='bbox 904 2437 1074 2492; x_wconf 70' lang='lat' dir='ltr'>secunus</span> <span class='ocrx_word' id='word_1_104' title='bbox 1110 2413 1346 2518; x_wconf 78' lang='lat' dir='ltr'>permansit..</span> 
     </span>
    </p>
   </div>
   <div class='ocr_carea' id='block_1_4' title="bbox 147 2700 1550 2928">
    <p class='ocr_par' dir='ltr' id='par_1_4' title="bbox 147 2700 1550 2928">
     <span class='ocr_line' id='line_1_17' title="bbox 147 2700 1550 2808; baseline 0.001 -25"><span class='ocrx_word' id='word_1_105' title='bbox 147 2703 232 2797; x_wconf 80' lang='lat' dir='ltr'>(De</span> <span class='ocrx_word' id='word_1_106' title='bbox 260 2703 467 2785; x_wconf 79' lang='lat' dir='ltr'>exercitu</span> <span class='ocrx_word' id='word_1_107' title='bbox 495 2708 542 2782; x_wconf 83' lang='lat' dir='ltr'>et</span> <span class='ocrx_word' id='word_1_108' title='bbox 568 2725 728 2806; x_wconf 74' lang='lat' dir='ltr'>pugna</span> <span class='ocrx_word' id='word_1_109' title='bbox 764 2700 988 2806; x_wconf 76' lang='lat' dir='ltr'>Stephani</span> <span class='ocrx_word' id='word_1_110' title='bbox 1015 2702 1232 2805; x_wconf 79' lang='lat' dir='ltr'>voyuode</span> <span class='ocrx_word' id='word_1_111' title='bbox 1266 2726 1373 2783; x_wconf 86' lang='lat' dir='ltr'>oum</span> <span class='ocrx_word' id='word_1_112' title='bbox 1410 2709 1550 2808; x_wconf 69' lang='lat' dir='ltr'>gente</span> 
     </span>
     <span class='ocr_line' id='line_1_18' title="bbox 507 2824 1185 2928; baseline -0.004 -23"><span class='ocrx_word' id='word_1_113' title='bbox 507 2824 730 2907; x_wconf 81' lang='lat' dir='ltr'>Lodoutet</span> <span class='ocrx_word' id='word_1_114' title='bbox 756 2826 882 2904; x_wconf 78' lang='lat' dir='ltr'>eirea</span> <span class='ocrx_word' id='word_1_115' title='bbox 909 2824 1185 2928; x_wconf 78' lang='lat' dir='ltr'>Neapolim.)</span> 
     </span>
    </p>
   </div>
   <div class='ocr_carea' id='block_1_5' title="bbox 141 3055 1549 4630">
    <p class='ocr_par' dir='ltr' id='par_1_5' title="bbox 141 3055 1549 4630">
     <span class='ocr_line' id='line_1_19' title="bbox 304 3055 1547 3164; baseline 0 -27"><span class='ocrx_word' id='word_1_116' title='bbox 304 3056 400 3138; x_wconf 85' lang='lat'><strong>183.</strong></span> <span class='ocrx_word' id='word_1_117' title='bbox 426 3057 547 3164; x_wconf 70' lang='lat' dir='ltr'>(aaa)</span> <span class='ocrx_word' id='word_1_118' title='bbox 581 3057 676 3138; x_wconf 87' lang='lat' dir='ltr'>Post</span> <span class='ocrx_word' id='word_1_119' title='bbox 708 3055 785 3135; x_wconf 89' lang='lat' dir='ltr'>hec</span> <span class='ocrx_word' id='word_1_120' title='bbox 818 3069 958 3136; x_wconf 86' lang='lat' dir='ltr'>antem</span> <span class='ocrx_word' id='word_1_121' title='bbox 993 3083 1088 3135; x_wconf 90' lang='lat' dir='ltr'>cum</span> <span class='ocrx_word' id='word_1_122' title='bbox 1121 3081 1216 3161; x_wconf 90' lang='lat' dir='ltr'>pars</span> <span class='ocrx_word' id='word_1_123' title='bbox 1248 3058 1436 3139; x_wconf 89' lang='lat' dir='ltr'>eiusdem</span> <span class='ocrx_word' id='word_1_124' title='bbox 1470 3057 1547 3137; x_wconf 88' lang='lat' dir='ltr'>Lo·</span> 
     </span>
     <span class='ocr_line' id='line_1_20' title="bbox 142 3177 1547 3286; baseline -0.001 -26"><span class='ocrx_word' id='word_1_125' title='bbox 142 3179 281 3260; x_wconf 89' lang='lat' dir='ltr'>douici</span> <span class='ocrx_word' id='word_1_126' title='bbox 313 3194 530 3284; x_wconf 83' lang='lat' dir='ltr'>aggregata</span> <span class='ocrx_word' id='word_1_127' title='bbox 548 3178 625 3261; x_wconf 89' lang='lat' dir='ltr'>sibi</span> <span class='ocrx_word' id='word_1_128' title='bbox 644 3178 776 3283; x_wconf 73' lang='lat' dir='ltr'>gentis</span> <span class='ocrx_word' id='word_1_129' title='bbox 801 3177 1067 3258; x_wconf 87' lang='lat' dir='ltr'>multitudine</span> <span class='ocrx_word' id='word_1_130' title='bbox 1100 3179 1334 3284; x_wconf 88' lang='lat' dir='ltr'>appreciate</span> <span class='ocrx_word' id='word_1_131' title='bbox 1363 3194 1404 3260; x_wconf 89' lang='lat' dir='ltr'>et</span> <span class='ocrx_word' id='word_1_132' title='bbox 1422 3206 1547 3286; x_wconf 90' lang='lat' dir='ltr'>quam</span> 
     </span>
     <span class='ocr_line' id='line_1_21' title="bbox 144 3298 1546 3408; baseline 0.001 -28"><span class='ocrx_word' id='word_1_133' title='bbox 144 3301 333 3408; x_wconf 89' lang='lat' dir='ltr'>pluribus</span> <span class='ocrx_word' id='word_1_134' title='bbox 365 3301 464 3381; x_wconf 86' lang='lat' dir='ltr'>dicti</span> <span class='ocrx_word' id='word_1_135' title='bbox 496 3302 611 3405; x_wconf 78' lang='lat' dir='ltr'>regni</span> <span class='ocrx_word' id='word_1_136' title='bbox 643 3300 778 3381; x_wconf 84' lang='lat' dir='ltr'>Sicilie</span> <span class='ocrx_word' id='word_1_137' title='bbox 812 3298 1049 3381; x_wconf 87' lang='lat' dir='ltr'>infidelibus</span> <span class='ocrx_word' id='word_1_138' title='bbox 1081 3300 1121 3379; x_wconf 89' lang='lat' dir='ltr'>in</span> <span class='ocrx_word' id='word_1_139' title='bbox 1155 3327 1271 3382; x_wconf 91' lang='lat' dir='ltr'>snam</span> <span class='ocrx_word' id='word_1_140' title='bbox 1306 3303 1546 3384; x_wconf 84' lang='lat' dir='ltr'>societatem</span> 
     </span>
     <span class='ocr_line' id='line_1_22' title="bbox 143 3422 1547 3530; baseline 0 -26"><span class='ocrx_word' id='word_1_141' title='bbox 143 3423 361 3524; x_wconf 67' lang='lat' dir='ltr'>adiunctis</span> <span class='ocrx_word' id='word_1_142' title='bbox 403 3424 539 3530; x_wconf 88' lang='lat' dir='ltr'>ipsum</span> <span class='ocrx_word' id='word_1_143' title='bbox 582 3422 839 3530; x_wconf 83' lang='lat' dir='ltr'>Stephanum</span> <span class='ocrx_word' id='word_1_144' title='bbox 879 3422 1112 3529; x_wconf 80' lang='lat' dir='ltr'>voyuodam</span> <span class='ocrx_word' id='word_1_145' title='bbox 1159 3425 1433 3505; x_wconf 84' lang='lat' dir='ltr'>exterminare</span> <span class='ocrx_word' id='word_1_146' title='bbox 1476 3452 1547 3504; x_wconf 88' lang='lat' dir='ltr'>cu·</span> 
     </span>
     <span class='ocr_line' id='line_1_23' title="bbox 143 3544 1548 3653; baseline 0.001 -27"><span class='ocrx_word' id='word_1_147' title='bbox 143 3546 264 3653; x_wconf 90' lang='lat' dir='ltr'>piens</span> <span class='ocrx_word' id='word_1_148' title='bbox 297 3559 392 3626; x_wconf 89' lang='lat' dir='ltr'>ante</span> <span class='ocrx_word' id='word_1_149' title='bbox 425 3545 636 3627; x_wconf 87' lang='lat' dir='ltr'>ciuitatem</span> <span class='ocrx_word' id='word_1_150' title='bbox 662 3544 976 3650; x_wconf 79' lang='lat' dir='ltr'>Neapolitanam</span> <span class='ocrx_word' id='word_1_151' title='bbox 1010 3545 1217 3652; x_wconf 87' lang='lat' dir='ltr'>dispositis</span> <span class='ocrx_word' id='word_1_152' title='bbox 1250 3547 1431 3646; x_wconf 75' lang='lat' dir='ltr'>aciebus,</span> <span class='ocrx_word' id='word_1_153' title='bbox 1450 3574 1548 3628; x_wconf 91' lang='lat' dir='ltr'>eon·</span> 
     </span>
     <span class='ocr_line' id='line_1_24' title="bbox 143 3665 1547 3775; baseline 0.001 -26"><span class='ocrx_word' id='word_1_154' title='bbox 143 3680 254 3749; x_wconf 89' lang='lat' dir='ltr'>serto</span> <span class='ocrx_word' id='word_1_155' title='bbox 288 3667 397 3749; x_wconf 90' lang='lat' dir='ltr'>bello</span> <span class='ocrx_word' id='word_1_156' title='bbox 430 3680 471 3748; x_wconf 91' lang='lat' dir='ltr'>et</span> <span class='ocrx_word' id='word_1_157' title='bbox 513 3669 623 3749; x_wconf 92' lang='lat' dir='ltr'>sonis</span> <span class='ocrx_word' id='word_1_158' title='bbox 670 3667 829 3748; x_wconf 84' lang='lat' dir='ltr'>bellicis</span> <span class='ocrx_word' id='word_1_159' title='bbox 872 3665 1049 3772; x_wconf 86' lang='lat' dir='ltr'>perdatis</span> <span class='ocrx_word' id='word_1_160' title='bbox 1093 3668 1257 3771; x_wconf 70' lang='lat' dir='ltr'>aggredi</span> <span class='ocrx_word' id='word_1_161' title='bbox 1300 3671 1547 3775; x_wconf 89' lang='lat' dir='ltr'>procurauit.</span> 
     </span>
     <span class='ocr_line' id='line_1_25' title="bbox 143 3789 1547 3899; baseline -0.002 -29"><span class='ocrx_word' id='word_1_162' title='bbox 143 3789 196 3870; x_wconf 83' lang='lat' dir='ltr'>Et</span> <span class='ocrx_word' id='word_1_163' title='bbox 228 3790 421 3896; x_wconf 78' lang='lat' dir='ltr'>qrramuis</span> <span class='ocrx_word' id='word_1_164' title='bbox 454 3790 574 3894; x_wconf 77' lang='lat' dir='ltr'>longe</span> <span class='ocrx_word' id='word_1_165' title='bbox 610 3790 747 3896; x_wconf 89' lang='lat' dir='ltr'>plures</span> <span class='ocrx_word' id='word_1_166' title='bbox 781 3789 888 3867; x_wconf 91' lang='lat' dir='ltr'>idem</span> <span class='ocrx_word' id='word_1_167' title='bbox 926 3789 1157 3870; x_wconf 72' lang='lat' dir='ltr'>lmlouicus</span> <span class='ocrx_word' id='word_1_168' title='bbox 1191 3789 1241 3869; x_wconf 91' lang='lat' dir='ltr'>de</span> <span class='ocrx_word' id='word_1_169' title='bbox 1264 3791 1440 3871; x_wconf 85' lang='lat' dir='ltr'>Tarento</span> <span class='ocrx_word' id='word_1_170' title='bbox 1475 3818 1547 3899; x_wconf 94' lang='lat' dir='ltr'>pro</span> 
     </span>
     <span class='ocr_line' id='line_1_26' title="bbox 143 3909 1547 4021; baseline 0.002 -29"><span class='ocrx_word' id='word_1_171' title='bbox 143 3925 261 4019; x_wconf 89' lang='lat' dir='ltr'>parte</span> <span class='ocrx_word' id='word_1_172' title='bbox 294 3938 370 3994; x_wconf 90' lang='lat' dir='ltr'>sna</span> <span class='ocrx_word' id='word_1_173' title='bbox 402 3926 545 4016; x_wconf 83' lang='lat' dir='ltr'>gentes</span> <span class='ocrx_word' id='word_1_174' title='bbox 577 3913 618 3992; x_wconf 92' lang='lat' dir='ltr'>in</span> <span class='ocrx_word' id='word_1_175' title='bbox 653 3939 728 3993; x_wconf 89' lang='lat' dir='ltr'>suo</span> <span class='ocrx_word' id='word_1_176' title='bbox 762 3910 947 3992; x_wconf 80' lang='lat' dir='ltr'>exercitu</span> <span class='ocrx_word' id='word_1_177' title='bbox 995 3911 1174 4013; x_wconf 85' lang='lat' dir='ltr'>haberet,</span> <span class='ocrx_word' id='word_1_178' title='bbox 1209 3926 1249 3992; x_wconf 92' lang='lat' dir='ltr'>et</span> <span class='ocrx_word' id='word_1_179' title='bbox 1283 3909 1547 4021; x_wconf 52' lang='lat' dir='ltr'>utrumque&amp;</span> 
     </span>
     <span class='ocr_line' id='line_1_27' title="bbox 144 4033 1546 4140; baseline 0.001 -26"><span class='ocrx_word' id='word_1_180' title='bbox 144 4033 347 4115; x_wconf 88' lang='lat' dir='ltr'>hostiliter</span> <span class='ocrx_word' id='word_1_181' title='bbox 378 4035 428 4114; x_wconf 89' lang='lat' dir='ltr'>ad</span> <span class='ocrx_word' id='word_1_182' title='bbox 463 4034 641 4114; x_wconf 87' lang='lat' dir='ltr'>inuicem</span> <span class='ocrx_word' id='word_1_183' title='bbox 689 4034 863 4140; x_wconf 90' lang='lat' dir='ltr'>prelium</span> <span class='ocrx_word' id='word_1_184' title='bbox 909 4033 1231 4114; x_wconf 84' lang='lat' dir='ltr'>connnisisseut:</span> <span class='ocrx_word' id='word_1_185' title='bbox 1266 4048 1405 4115; x_wconf 88' lang='lat' dir='ltr'>tamen</span> <span class='ocrx_word' id='word_1_186' title='bbox 1438 4036 1546 4117; x_wconf 91' lang='lat' dir='ltr'>idem</span> 
     </span>
     <span class='ocr_line' id='line_1_28' title="bbox 141 4154 1548 4264; baseline 0.002 -28"><span class='ocrx_word' id='word_1_187' title='bbox 141 4155 378 4262; x_wconf 86' lang='lat' dir='ltr'>Stephanus</span> <span class='ocrx_word' id='word_1_188' title='bbox 412 4157 604 4264; x_wconf 81' lang='lat' dir='ltr'>voyuoda</span> <span class='ocrx_word' id='word_1_189' title='bbox 637 4157 724 4235; x_wconf 84' lang='lat' dir='ltr'>zelo</span> <span class='ocrx_word' id='word_1_190' title='bbox 758 4154 964 4236; x_wconf 80' lang='lat' dir='ltr'>fidelitatis</span> <span class='ocrx_word' id='word_1_191' title='bbox 998 4170 1192 4258; x_wconf 87' lang='lat' dir='ltr'>annatus,</span> <span class='ocrx_word' id='word_1_192' title='bbox 1227 4156 1370 4239; x_wconf 87' lang='lat' dir='ltr'>voleus</span> <span class='ocrx_word' id='word_1_193' title='bbox 1406 4159 1548 4264; x_wconf 87' lang='lat' dir='ltr'>pocius</span> 
     </span>
     <span class='ocr_line' id='line_1_29' title="bbox 141 4274 1547 4385; baseline 0.001 -27"><span class='ocrx_word' id='word_1_194' title='bbox 141 4292 237 4385; x_wconf 90' lang='lat' dir='ltr'>post</span> <span class='ocrx_word' id='word_1_195' title='bbox 278 4293 450 4360; x_wconf 89' lang='lat' dir='ltr'>mortem</span> <span class='ocrx_word' id='word_1_196' title='bbox 496 4274 678 4384; x_wconf 83' lang='lat' dir='ltr'>venire³)</span> <span class='ocrx_word' id='word_1_197' title='bbox 724 4306 796 4384; x_wconf 92' lang='lat' dir='ltr'>per</span> <span class='ocrx_word' id='word_1_198' title='bbox 840 4278 949 4357; x_wconf 85' lang='lat' dir='ltr'>fame</span> <span class='ocrx_word' id='word_1_199' title='bbox 992 4277 1175 4382; x_wconf 81' lang='lat' dir='ltr'>gloriam,</span> <span class='ocrx_word' id='word_1_200' title='bbox 1219 4304 1344 4384; x_wconf 86' lang='lat' dir='ltr'>quam</span> <span class='ocrx_word' id='word_1_201' title='bbox 1388 4294 1547 4384; x_wconf 83' lang='lat' dir='ltr'>tergum</span> 
     </span>
     <span class='ocr_line' id='line_1_30' title="bbox 142 4399 1549 4508; baseline 0.001 -28"><span class='ocrx_word' id='word_1_202' title='bbox 142 4399 355 4481; x_wconf 89' lang='lat' dir='ltr'>hostilitati</span> <span class='ocrx_word' id='word_1_203' title='bbox 399 4413 569 4501; x_wconf 88' lang='lat' dir='ltr'>vertere,</span> <span class='ocrx_word' id='word_1_204' title='bbox 614 4400 826 4481; x_wconf 81' lang='lat' dir='ltr'>victoriam</span> <span class='ocrx_word' id='word_1_205' title='bbox 872 4399 1050 4479; x_wconf 87' lang='lat' dir='ltr'>obtinuit</span> <span class='ocrx_word' id='word_1_206' title='bbox 1091 4399 1342 4507; x_wconf 84' lang='lat' dir='ltr'>adoptatam.</span> <span class='ocrx_word' id='word_1_207' title='bbox 1375 4402 1421 4482; x_wconf 92' lang='lat' dir='ltr'>ln</span> <span class='ocrx_word' id='word_1_208' title='bbox 1466 4428 1549 4508; x_wconf 88' lang='lat' dir='ltr'>quo</span> 
     </span>
     <span class='ocr_line' id='line_1_31' title="bbox 143 4521 1549 4630; baseline -0.001 -26"><span class='ocrx_word' id='word_1_209' title='bbox 143 4521 312 4629; x_wconf 88' lang='lat' dir='ltr'>quidem</span> <span class='ocrx_word' id='word_1_210' title='bbox 350 4522 481 4630; x_wconf 90' lang='lat' dir='ltr'>prelio</span> <span class='ocrx_word' id='word_1_211' title='bbox 526 4523 635 4604; x_wconf 88' lang='lat' dir='ltr'>idem</span> <span class='ocrx_word' id='word_1_212' title='bbox 680 4521 915 4629; x_wconf 88' lang='lat' dir='ltr'>Stephanus</span> <span class='ocrx_word' id='word_1_213' title='bbox 947 4522 1138 4630; x_wconf 84' lang='lat' dir='ltr'>voyvoda</span> <span class='ocrx_word' id='word_1_214' title='bbox 1178 4523 1448 4630; x_wconf 88' lang='lat' dir='ltr'>quamplures</span> <span class='ocrx_word' id='word_1_215' title='bbox 1481 4550 1549 4605; x_wconf 85' lang='lat' dir='ltr'>eo·</span> 
     </span>
    </p>
   </div>
   <div class='ocr_carea' id='block_1_6' title="bbox 142 4693 352 4704">
    <p class='ocr_par' dir='ltr' id='par_1_6' title="bbox 142 4693 352 4704">
     <span class='ocr_line' id='line_1_32' title="bbox 142 4693 352 4704; baseline -0.01 0"><span class='ocrx_word' id='word_1_216' title='bbox 142 4693 352 4704; x_wconf 74' lang='lat'>——----</span> 
     </span>
    </p>
   </div>
   <div class='ocr_carea' id='block_1_7' title="bbox 144 4753 1550 4969">
    <p class='ocr_par' dir='ltr' id='par_1_7' title="bbox 144 4753 1550 4969">
     <span class='ocr_line' id='line_1_33' title="bbox 304 4753 1550 4861; baseline 0 -25"><span class='ocrx_word' id='word_1_217' title='bbox 304 4760 331 4855; x_wconf 84' lang='lat'>¹)</span> <span class='ocrx_word' id='word_1_218' title='bbox 358 4761 509 4856; x_wconf 70' lang='lat' dir='ltr'>capuani</span> <span class='ocrx_word' id='word_1_219' title='bbox 533 4763 621 4857; x_wconf 85' lang='lat' dir='ltr'>apud</span> <span class='ocrx_word' id='word_1_220' title='bbox 651 4762 841 4836; x_wconf 76' lang='lat' dir='ltr'>Turonum.</span> <span class='ocrx_word' id='word_1_221' title='bbox 872 4753 898 4856; x_wconf 77' lang='lat'>²)</span> <span class='ocrx_word' id='word_1_222' title='bbox 930 4761 1100 4855; x_wconf 87' lang='lat' dir='ltr'>utrinque.</span> <span class='ocrx_word' id='word_1_223' title='bbox 1129 4763 1211 4838; x_wconf 86' lang='lat' dir='ltr'>Tur.</span> <span class='ocrx_word' id='word_1_224' title='bbox 1233 4755 1261 4861; x_wconf 81' lang='lat'>³)</span> <span class='ocrx_word' id='word_1_225' title='bbox 1290 4763 1417 4838; x_wconf 83' lang='lat' dir='ltr'>viuere.</span> <span class='ocrx_word' id='word_1_226' title='bbox 1447 4765 1486 4839; x_wconf 84' lang='grc' dir='ltr'>Τ.</span> <span class='ocrx_word' id='word_1_227' title='bbox 1516 4770 1550 4837; x_wconf 88' lang='lat' dir='ltr'>et</span> 
     </span>
     <span class='ocr_line' id='line_1_34' title="bbox 144 4865 949 4969; baseline -0.002 -28"><span class='ocrx_word' id='word_1_228' title='bbox 144 4865 294 4969; x_wconf 87' lang='lat' dir='ltr'>diploma</span> <span class='ocrx_word' id='word_1_229' title='bbox 322 4865 404 4941; x_wconf 84' lang='lat' dir='ltr'>anni</span> <span class='ocrx_word' id='word_1_230' title='bbox 433 4869 545 4945; x_wconf 85' lang='lat'>1350.</span> <span class='ocrx_word' id='word_1_231' title='bbox 574 4868 609 4941; x_wconf 81' lang='grc' dir='ltr'>Ο.</span> <span class='ocrx_word' id='word_1_232' title='bbox 630 4867 672 4942; x_wconf 91' lang='lat' dir='ltr'>D.</span> <span class='ocrx_word' id='word_1_233' title='bbox 702 4869 756 4941; x_wconf 88' lang='lat' dir='ltr'>IX</span> <span class='ocrx_word' id='word_1_234' title='bbox 800 4871 833 4940; x_wconf 91' lang='lat'>1.</span> <span class='ocrx_word' id='word_1_235' title='bbox 864 4869 949 4942; x_wconf 76' lang='lat'>760.</span> 
     </span>
    </p>
   </div>
   <div class='ocr_carea' id='block_1_8' title="bbox 0 0 1804 5490">
    <p class='ocr_par' dir='ltr' id='par_1_8' title="bbox 0 0 1804 5490">
     <span class='ocr_line' id='line_1_35' title="bbox 0 0 1804 5490; baseline 0 0"><span class='ocrx_word' id='word_1_236' title='bbox 0 0 1804 5490; x_wconf 95' lang='lat' dir='ltr'> </span> 
     </span>
    </p>
   </div>
  </div>
 </body>
</html>
