3660 5506
831 344 987 446 A„

206 559 248 639 in
298 560 495 643 ecclesias
537 561 602 641 dei
651 557 927 669 seruientes¹)
981 554 1217 669 Metense²)
1267 559 1540 642 Treuerense'
1573 570 1615 640 et

206 680 543 788 Aquisgranense
576 679 823 790 territoria³)
860 683 954 789 igne
987 677 1311 789 rieuasta1·unt⁴).
1347 680 1509 763 Deinde
1540 708 1616 789 per

205 803 384 911 abrupta
415 804 627 887 moncium
662 803 965 887 senonensium
977 800 1007 912 ⁵)
1040 832 1115 911 per
1143 804 1319 912 populos
1342 803 1473 885 eterni
1506 830 1614 884 mar·

205 925 258 1008 tis
290 925 398 1006 viam
434 927 511 1009 sibi
543 926 679 1032 gladio
723 928 955 1037 aperientes
997 939 1260 1036 parauerunt.
1293 926 1375 1009 Ubi
1407 926 1614 1034 siquidem

206 1046 406 1154 Segusam
440 1049 748 1157 Taurinamque
793 1051 982 1132 ciuitates
1025 1051 1331 1152 destruxerunt,
1367 1062 1614 1157 montesque

206 1172 387 1279 prefatos
420 1174 674 1278 perforantes
708 1174 880 1281 pianum
915 1167 1240 1278 Longobardie⁶)
1270 1200 1365 1254 curn
1399 1171 1613 1274 vidissent,

207 1305 334 1374 totam
369 1320 478 1402 pene
510 1294 766 1401 prouinciam
803 1290 1057 1402 coimitatis⁷)
1092 1295 1280 1376 cursibus
1314 1306 1546 1376 uastauere.
1563 1293 1617 1374 Et

207 1417 266 1497 ita
298 1416 348 1496 ad
384 1416 598 1524 proprium
633 1445 805 1523 regnum
841 1445 936 1499 curn
970 1417 1140 1498 victoria
1172 1429 1448 1499 reuertuntur.

366 1592 436 1672 59.
470 1589 601 1673 Annis
645 1619 742 1674 vero
787 1594 866 1673 XX
907 1594 995 1675 sine
1037 1607 1153 1675 motu
1195 1593 1237 1674 in
1270 1592 1480 1674 Pannonia
1522 1603 1615 1700 per'·

208 1710 506 1821 rnanser·unt⁸).
537 1712 743 1797 Vicesirno
777 1730 916 1797 autem
951 1715 1093 1824 primo
1117 1741 1226 1796 anno
1260 1715 1410 1820 egressi
1444 1716 1483 1795 in
1518 1715 1615 1805 Bul·

207 1836 363 1942 gatiam
412 1837 689 1940 intrauerunt,
735 1850 777 1917 et
817 1839 912 1919 inde
955 1834 1058 1946 ad⁹)
1108 1838 1338 1946 ydropoiim
1378 1831 1615 1938 venientes,

208 1954 356 2066 qna¹⁰)
401 1974 642 2066 expugnata
685 1959 1083 2069 Constantinopolim
1133 1961 1298 2041 tandem
1350 1959 1612 2041 obsederunt.

207 2082 257 2162 ln
299 2081 512 2163 obsidione
554 2080 676 2187 igitur
718 2084 832 2165 urbis
877 2095 1105 2164 memorate
1150 2082 1343 2189 hungaris
1384 2081 1616 2164 constitutis

208 2204 379 2310 quidam
412 2230 559 2309 grecus
592 2205 699 2287 sicut
730 2201 921 2313 gygas¹¹)
945 2205 1120 2287 emissus
1153 2206 1204 2285 de
1237 2205 1352 2305 urbe,
1370 2204 1423 2285 ad
1455 2204 1616 2314 luctan-

208 2326 311 2406 dum
345 2354 441 2407 curn
476 2353 524 2406 eo
557 2328 661 2410 duos
696 2329 817 2434 (lea)
857 2329 1062 2433 hungaros
1104 2327 1332 2435 impetebat
1364 2320 1616 2431 altercariffl)

208 2448 375 2529 dicens:
418 2448 529 2554 quod
573 2449 606 2532 si
648 2451 793 2532 ambos
835 2450 1098 2552 deuinceret,
1140 2449 1362 2556 imperator
1401 2475 1616 2554 grecorum

208 2570 406 2676 hungaris
440 2570 495 2651 nil
538 2599 646 2680 pene
689 2572 786 2654 dare
832 2586 1062 2671 teneretur3
1095 2572 1129 2654 si
1162 2584 1301 2652 autern
1345 2573 1491 2654 ambos
1535 2597 1617 2652 non

207 2693 452 2774 deuinceret
483 2721 698 2797 grecorum
733 2695 956 2803 imperator
998 2722 1126 2777 censu
1171 2694 1363 2799 hungaris
1396 2706 1618 2775 teneretur.

208 2813 291 2909 Qui
324 2843 419 2896 curn
454 2816 649 2922 hungaris
681 2817 855 2900 infestus
878 2833 987 2900 esset
1008 2817 1117 2898 ultra
1150 2817 1320 2898 modum
1354 2845 1484 2898 unum
1520 2841 1618 2896 con-

209 2938 379 3017 trarium
425 2938 463 3018 ei
506 2940 767 3041 inuenerunt,
801 2940 872 3047 qui
916 2939 1132 3048 oppositus
1173 2964 1294 3044 greco
1335 2937 1392 3018 ita
1424 2938 1499 3018 ait:
1532 2936 1618 3042 Ego

207 3059 345 3166 inquit
377 3086 469 3140 sum
513 3057 740 3168 Botond¹³)
784 3075 920 3145 rectus
963 3062 1187 3168 hungarus,
1221 3060 1417 3142 minimus
1461 3060 1619 3164 hunga-

207 3207 361 3283 rorum,
395 3181 595 3290 adiungas
638 3184 712 3266 tibi
755 3185 859 3267 duos
896 3211 1051 3290 grecos,
1085 3209 1261 3290 quorum
1308 3210 1417 3265 unus
1455 3208 1619 3264 conser-

209 3330 311 3384 uare
342 3303 494 3385 debeat
536 3307 718 3392 animam
760 3319 875 3389 tuam
919 3308 1122 3388 exituram
1167 3307 1270 3385 alter
1301 3330 1398 3385 vero
1443 3304 1621 3385 cadauer

208 3439 330 3507 tuum
363 3428 697 3529 subterrandum,
715 3429 813 3535 quia
840 3430 1065 3512 certissime
1088 3427 1326 3509 censualem
1353 3426 1501 3508 faciam
1530 3417 1619 3531 gre·-

208 3575 354 3629 corum
399 3575 538 3654 regem
579 3551 689 3656 genti
734 3579 839 3632 mee.
871 3551 990 3632 Tunc
1032 3551 1155 3657 igitur
1188 3549 1429 3656 capitaneus
1462 3549 1620 3653 hunga-

207 3697 348 3751 rorum
371 3675 539 3753 nornine
563 3671 716 3780 Opour‚
741 3674 811 3780 qui
839 3673 896 3753 illi
929 3672 1128 3754 exercitui
1163 3671 1213 3751 de
1247 3665 1620 3777 communitatis¹⁴)

207 3792 425 3874 voluntate
468 3795 603 3876 fuerat
645 3795 904 3898 constitutus
948 3795 1066 3877 iussit
1107 3793 1267 3874 Botond
1309 3821 1405 3874 cum
1448 3793 1618 3874 dolabro

208 3941 286 3997 suo
319 3943 489 4021 pergere
532 3932 675 3998 contra
717 3929 875 4023 portam
925 3918 1034 3999 urbis
1077 3943 1157 4021 que
1192 3928 1279 3995 erat
1323 3915 1545 4018 metallina,
1580 3929 1621 3995 et

208 4038 251 4117 in
286 4050 404 4145 porta
437 4039 646 4121 declarare
670 4040 777 4122 vires
810 4067 906 4121 suas
940 4068 1036 4121 cum
1059 4038 1242 4119 dolabro,
1261 4036 1444 4119 Veniens
1479 4051 1619 4118 autern

210 4186 344 4266 usque
379 4156 496 4268 ad¹⁵)
531 4176 690 4270 portam
723 4162 847 4243 talem
871 4162 1000 4243 ictum
1024 4174 1269 4243 etcesuram
1306 4160 1346 4239 in
1382 4159 1470 4267 ipsa
1503 4173 1621 4266 porta

240 4349 418 4356 ..n———u-

372 4432 397 4517 ¹)
421 4438 604 4512 sementes
645 4433 672 4518 ⁹)
697 4461 761 4531 que
790 4439 866 4511 add.
888 4437 965 4512 VP.
988 4458 1131 4530 quoque.
1154 4435 1190 4509 S.
1213 4430 1242 4514 ³)
1268 4434 1487 4507 territorium.
1510 4429 1536 4505 ⁴)
1561 4433 1617 4505 de·

209 4544 400 4615 metantes,
431 4537 457 4620 ξ’)
482 4542 566 4616 siue.
597 4543 673 4616 adil.
696 4545 731 4617 S.
764 4539 789 4617 ’)
815 4541 1030 4615 homburdie.
1055 4536 1080 4621 ’)
1105 4539 1261 4614 concitis.
1284 4540 1323 4611 V.
1347 4532 1374 4617 8)
1398 4539 1492 4610 Haec
1520 4535 1618 4609 omit·

209 4645 266 4720 tit.
305 4647 375 4721 VP.
408 4639 435 4729 9)
459 4671 524 4721 om.
559 4645 599 4729 ¹⁰)
639 4647 726 4739 ipsa.
761 4645 801 4727 ¹¹)
843 4670 985 4742 gygone.
1016 4646 1057 4718 V.
1093 4640 1132 4723 ¹²)
1174 4641 1327 4717 alterari.
1370 4641 1408 4718 S.
1443 4642 1552 4734 „quod
1590 4639 1619 4712 si

211 4750 408 4889 amhop5-
447 4756 642 4827 teneretur“
683 4775 748 4825 orn.
788 4753 858 4826 VP.
889 4757 922 4824 et
965 4752 1000 4824 S.
1038 4745 1077 4830 ¹³)
1115 4749 1262 4823 Rotund.
1301 4748 1338 4824 S.
1373 4743 1412 4824 ¹⁴)
1439 4743 1618 4819 communi.

210 4855 283 4929 VP.
346 4856 454 4941 Jom.

1496 4988 1513 5042 6
