3592 5490
191 574 273 654 qne
305 575 439 655 usque
476 548 597 629 bodie
628 548 851 656 possident.
881 551 1039 633 Intrant
1072 566 1217 660 postea
1255 555 1605 660 Longobardiam,

188 671 245 751 ibi
276 670 457 753 Paduam
480 671 637 776 igneet
659 671 794 776 gladio
822 689 1182 780 consumpserunt,
1201 693 1242 756 et
1265 691 1410 783 postea
1429 677 1608 758 Lintlrer

189 791 497 876 Vercellensem
543 792 805 900 episcopum,
853 795 1108 903 imperatoris
1144 797 1283 878 Karoli
1317 799 1604 880 consiliarium

190 916 440 1018 occiderunt,
471 929 513 996 et
542 915 782 997 thesaurum
822 918 1053 998 maximum
1100 919 1230 1026 ipsius
1267 921 1440 1000 ecclesie
1486 949 1607 1002 rece·

188 1052 350 1143 pernnt,
382 1050 424 1119 et
452 1066 548 1119 cum
573 1038 758 1119 maximo
782 1039 913 1145 spolio
948 1042 987 1121 io
1019 1040 1276 1122 Pannoniam
1318 1057 1606 1129 reuertuntur.

188 1160 369 1243 Pausant
388 1161 510 1266 igitur
540 1162 578 1241 X
604 1160 734 1241 annis.
769 1159 932 1242 Exinde
968 1161 1190 1243 Saxoniam
1227 1164 1464 1270 'l‘uringiam
1497 1165 1608 1248 Sue·

188 1283 301 1365 uiam
353 1283 653 1389 Franciamqne
703 1283 941 1364 orientalem
983 1299 1025 1364 et
1073 1284 1351 1390 Burgundiam
1399 1285 1607 1389 demoliti,

191 1406 415 1489 interfectis
445 1405 585 1487 multis
620 1403 788 1486 milibus
816 1406 1087 1487 Almanornm
1119 1409 1230 1515 ipsos
1265 1409 1607 1515 insequencium,

191 1529 313 1609 etde
349 1529 434 1611 suis
470 1529 578 1608 eirca
600 1527 677 1607 tria
704 1527 817 1608 milia
840 1529 1020 1609 virorum
1059 1530 1226 1635 perditis
1259 1531 1301 1611 in
1339 1530 1606 1637 Hungariam

188 1651 409 1750 redierunt,
435 1650 506 1732 ubi
541 1648 639 1732 XVI
666 1649 785 1732 annis
819 1651 1080 1757 quieueruut.
1395 1656 1401 1665 “

189 1926 258 2006 De
276 1933 423 2007 morte
441 1926 551 2006 Leel
566 1930 613 2005 et
631 1924 813 2004 Bulohu
840 1926 1207 2030 capitaneorum,
1225 1932 1272 2006 et
1288 1926 1345 2007 (le
1361 1927 1608 2011 obsidione

665 2047 869 2128 ciuitatis
888 2044 1117 2150 Auguste.

349 2263 416 2342 21.
456 2261 667 2366 Regnante
704 2288 778 2369 per
817 2262 1050 2344 Almaniam
1086 2261 1274 2342 Conrado
1310 2262 1455 2368 primo,
1494 2263 1606 2345 hun·

190 2386 273 2492 gari
307 2384 469 2489 egressi,
505 2384 754 2490 quibusdam
789 2385 974 2490 partibus
1008 2385 1213 2467 Teutonis
1237 2383 1475 2485 deuastatis,
1501 2413 1603 2467 curn

191 2509 240 2589 ad
279 2508 423 2588 urbem
465 2505 697 2610 Augustam
729 2507 1026 2613 peruenissent,
1075 2506 1213 2587 Vlrioo
1263 2505 1458 2613 episeopo
1500 2535 1604 2590 enm

192 2631 353 2712 ciuibus
387 2642 428 2709 et
461 2626 612 2710 Sueuie
646 2628 889 2735 primatibus
922 2629 1228 2729 resistentibus3
1276 2627 1443 2707 tandem
1499 2657 1602 2711 cnm

193 2752 365 2857 hungari
409 2751 584 2831 eandem
627 2749 863 2831 obsiderent
896 2751 1105 2831 ciuitatem
1140 2749 1354 2850 obstinati,
1405 2751 1604 2835 nolentes

194 2877 244 2956 de
279 2875 379 2956 urbe
412 2873 617 2974 recedere,
656 2872 790 2954 missis
823 2898 984 2980 nuncys
1017 2873 1067 2953 ad
1102 2871 1362 2971 Conradnm,
1409 2887 1456 2953 ut
1490 2875 1606 2955 eele-

195 3000 291 3078 riter
338 2996 505 3077 urbanis
554 3011 823 3093 succurreret,
871 2995 980 3075 idem
1031 3021 1112 3075 uon
1162 2993 1338 3076 obmisit.
1388 2992 1605 3100 Hungaris

194 3121 316 3225 igitur
347 3146 390 3200 se
425 3119 589 3198 incaute
623 3118 730 3196 eima
762 3117 1043 3198 obsessionem
1082 3117 1259 3199 ciuitatis
1299 3115 1605 3220 ingerentibus

194 3242 438 3323 alamannus
472 3254 514 3319 et
544 3240 718 3347 ytalicus
753 3239 960 3321 exercitus
994 3238 1084 3319 illos
1118 3239 1268 3320 inuasit
1301 3264 1352 3316 ex
1396 3239 1604 3346 obrupt03

197 3380 244 3446 ut
286 3365 317 3445 si
361 3365 502 3467 lugere
551 3362 800 3462 voluissent,
848 3387 930 3441 non
965 3361 1212 3468 potuissent,
1262 3389 1314 3441 ex
1358 3386 1442 3440 una
1485 3380 1608 3467 parte

199 3486 354 3567 lluuioli
389 3485 459 3591 qui
494 3484 571 3564 illis
604 3483 751 3564 diebus
784 3510 858 3590 per
891 3485 1055 3566 canales
1089 3483 1328 3566 mirabiliter
1368 3480 1609 3566 inundaue·

196 3621 298 3711 rant,
332 3607 675 3714 impedimentum
719 3605 936 3705 facientes,
980 3607 1032 3687 ab
1076 3607 1203 3687 altera
1246 3632 1341 3686 rem
1383 3605 1436 3686 ab
1481 3633 1608 3687 exer·

198 3731 346 3812 citibns
400 3728 591 3834 predictis
641 3727 1051 3809 circmnuallantibus
1093 3729 1200 3809 sient
1239 3754 1381 3809 murus
1424 3726 1609 3834 illosque

198 3851 584 3955 constringentibus
639 3849 705 3929 Sic
741 3850 876 3955 itaque
920 3851 1036 3930 artati
1078 3853 1129 3932 ab
1173 3850 1380 3951 hostibnS,
1430 3851 1605 3954 qnidam

199 3974 394 4082 captiuati
428 3974 479 4053 ab
514 3974 583 4072 eis,
618 3972 743 4077 aliqui
778 3971 998 4052 crudeliter
1029 3988 1126 4054 sunt
1152 3973 1299 4051 neeati.
1334 3972 1380 4051 ln
1408 3998 1492 4076 qno
1514 3972 1608 4053 loco

196 4097 293 4178 Leel
328 4111 368 4176 et
401 4094 561 4175 Bulclrn
600 4094 804 4200 capitanci
848 4095 1041 4199 captinati
1087 4108 1184 4175 sunt
1224 4106 1265 4172 et
1305 4093 1417 4173 ducti
1462 4119 1605 4175 coram

201 4245 352 4301 cesare.
385 4217 496 4312 Quos
531 4244 625 4296 cum
661 4242 776 4296 cesar
797 4216 1033 4321 requireret,
1068 4242 1195 4322 quare
1217 4214 1444 4296 christianis
1463 4237 1609 4298 essent

198 4343 256 4423 sie
289 4339 488 4438 crudeles,
523 4339 685 4418 dieunt:
720 4337 802 4417 Nos
835 4366 980 4419 sumus
1013 4338 1113 4419 ultio
1146 4337 1297 4418 summi
1330 4337 1407 4434 dei,
1440 4337 1607 4442 abipso

197 4464 314 4545 vobis
347 4463 388 4542 in
420 4460 625 4564 flagellum
662 4459 864 4541 destinati.
913 4460 1029 4541 Tunc
1077 4460 1185 4539 enim
1235 4486 1308 4565 per
1350 4484 1422 4538 ros
1470 4460 1605 4564 capti·

198 4614 357 4685 namur,
392 4599 432 4663 et
464 4582 702 4679 occidimur,
736 4609 829 4661 cnm
865 4581 1056 4688 preseqni
1090 4607 1403 4662 voscessamus,
1437 4576 1605 4672 Quibus

201 4709 454 4812 imperator3
498 4704 632 4808 eligite
666 4704 782 4783 vobis
817 4717 987 4783 nmrtcm
1024 4703 1187 4810 qualem
1224 4701 1359 4782 rnltis.
1392 4700 1467 4782 Cui
1502 4702 1603 4784 Leel

203 4831 277 4928 ait3
321 4829 514 4908 allidatur
548 4826 669 4905 michi
703 4826 804 4904 tuba
838 4853 951 4926 mea,
1001 4854 1094 4905 cum
1130 4852 1211 4931 qua
1244 4824 1421 4930 primum
1457 4823 1606 4907 bucci-
