3592 5490
765 348 922 461 goo-

869 569 987 644 Nonas
1022 565 1149 669 Matr)
1194 566 1298 643 Ouios
1335 591 1457 665 oonpus
1494 592 1546 644 re·
1687 586 1692 597 ·

871 690 1016 787 quiescit
1043 691 1079 765 in
1105 692 1249 765 eoolesia
1272 692 1418 766 fratrum
1436 691 1544 767 mino·

747 850 749 854 ⁴
872 840 946 890 runo
972 813 1151 911 strigonii.
1175 813 1242 888 Hio
1261 813 1382 889 habuit
1401 815 1485 889 duos
1505 814 1545 887 fi·

255 1830 316 1905 21.
346 1830 433 1905 Post
460 1830 544 1903 haee
574 1822 729 1919 regnavit
762 1843 824 1895 rex

151 1956 349 2050 Stephanus
378 1952 418 2025 de
447 1974 512 2044 qno
540 1968 645 2042 supra
672 1946 709 2019 in
744 1967 824 2039 pro·

150 2079 244 2157 nimo
289 2060 389 2149 nonis
444 2073 595 2162 duobuS,
651 2066 825 2142 mensibus

151 2201 278 2288 trihus,
317 2198 436 2271 diebus
465 2192 624 2288 quinquo.
664 2189 732 2264 Hio
759 2186 826 2260 fuit

152 2324 298 2417 nrultnrn
316 2323 485 2405 austerus,
517 2347 546 2357 -
577 2319 612 2388 et
631 2311 718 2387 obiit
737 2330 826 2383 anno

154 2435 563 2537 donini·uconxx(11)
596 2435 704 2510 VIIIo
746 2431 827 2504 Idus

155 2564 322 2661 Augusti.
365 2563 468 2637 Cuius
497 2581 619 2653 corpus
648 2552 829 2649 requiescit

155 2692 191 2769 in
233 2689 346 2761 insula
386 2681 561 2772 Budensi,
611 2680 646 2752 in
687 2674 831 2751 eoolesio

156 2815 290 2891 Bootae
304 2807 472 2902 Virginis.
500 2803 567 2879 Hit
585 2800 705 2876 habuit
727 2820 833 2871 unuin

154 2933 264 3015 fllium
293 2934 410 3005 duoenr
436 2927 633 3002 Ladislaunr

267 3458 327 3530 22.
349 3453 405 3548 qui
426 3451 456 3525 ei
477 3447 640 3524 suecessit
659 3445 694 3518 in
713 3462 833 3537 regno,

164 3588 201 3657 et
228 3580 365 3655 tandem
393 3575 459 3649 fuit
486 3593 591 3667 prope
628 3564 836 3641 Iaradinunr

161 3727 225 3803 per
253 3720 414 3775 cumanos
442 3693 644 3769 interieotus
673 3688 747 3761 sine
775 3686 834 3757 he-

162 3828 244 3901 rede
272 3845 362 3899 auno
390 3815 516 3892 domini
544 3810 721 3887 ncoxoo·

871 937 958 1012 lios:
991 936 1124 1032 primus
1154 936 1219 1010 suit
1247 937 1317 1010 dux
1351 936 1549 1030 Stephanus

872 1063 993 1155 postea
1010 1082 1083 1149 ren,
1107 1061 1274 1136 socundus
1289 1059 1356 1132 fuit
1370 1060 1547 1134 duxBela.

872 1183 939 1257 HIo
959 1182 1166 1272 declararit,
1187 1182 1275 1276 quod
1293 1181 1475 1277 priuilegia
1495 1205 1549 1256 eo-

874 1304 997 1379 olesiaa
1031 1309 1169 1380 nostrae
1202 1305 1341 1378 fuerunt
1378 1304 1549 1400 dissipata

875 1431 909 1502 et
927 1428 1123 1517 combusta,
1156 1431 1258 1521 prout
1276 1451 1381 1523 supra
1400 1426 1436 1501 in
1455 1432 1550 1502 oata·

875 1552 954 1643 logo
974 1550 1016 1622 de
1043 1548 1244 1624 solidatione
1263 1549 1426 1624 eoolesiae
1440 1552 1549 1625 Vara-

877 1671 1006 1746 diensis
1025 1671 1229 1747 ooutinetur.

982 1828 1043 1902 21.
1080 1832 1166 1906 Post
1196 1832 1260 1905 hoo
1296 1829 1455 1925 regnarit
1490 1852 1552 1903 ren

879 1954 1073 2050 Stephanus
1111 1954 1151 2027 de
1188 1975 1253 2046 quo
1291 1975 1413 2045 supra,
1451 1951 1551 2025 ann1s

901 2080 1033 2154 duobus
1064 2077 1239 2150 mensibus
1271 2074 1381 2149 trihus
1414 2073 1534 2147 diebus

880 2202 1039 2296 quinqua.
1060 2198 1126 2273 Hio
1146 2197 1212 2271 fuir
1232 2199 1376 2271 inultum
1397 2200 1555 2270 austerus

880 2323 1011 2418 primus
1043 2323 1208 2416 bulgaros
1232 2320 1267 2393 in
1295 2318 1425 2412 proelio
1455 2341 1555 2413 supe-

883 2440 1024 2545 rarit,¹)
1054 2445 1173 2518 ducem
1201 2463 1317 2517 eorum
1346 2439 1411 2514 sibi
1438 2440 1554 2514 subiu-

884 2569 989 2664 gavit,
1016 2572 1050 2640 et
1069 2566 1154 2640 obiit
1173 2587 1262 2639 anno
1291 2561 1418 2638 donnini
1446 2561 1556 2635 mille·

887 2693 972 2767 simo
1009 2688 1239 2764 ducentesimo
1273 2683 1557 2783 septuagesimo³)

887 2814 1045 2888 seeundo.
1067 2812 1152 2885 VIII
1171 2811 1253 2883 Idus
1273 2807 1434 2901 Augusti.
1456 2805 1559 2878 Cuius

887 2959 1009 3030 eorpus
1031 2932 1213 3027 requiescit
1231 2931 1266 3003 in
1282 2930 1394 3002 insula
1405 2925 1559 3002 Budensi

888 3062 921 3133 in
944 3057 1088 3132 ecclesia
1108 3057 1234 3128 Bootae
1254 3050 1409 3145 Virginis
1429 3052 1464 3122 in
1482 3050 1559 3123 loco

890 3176 1140 3275 Baginarunn.⁴)
1168 3176 1235 3249 Hic
1258 3172 1378 3247 habuit
1397 3194 1504 3244 ununn
1522 3171 1560 3243 ti·

889 3304 973 3379 lium
991 3302 1108 3374 duoern
1126 3296 1324 3372 Ladislaurn
1341 3316 1468 3389 regem.

996 3459 1057 3533 22.
1079 3455 1168 3532 Huio
1189 3452 1351 3528 suooessit
1379 3448 1562 3523 Ladislaus

891 3584 983 3658 filius
1003 3580 1086 3673 eius,
1108 3578 1164 3672 qui
1185 3574 1282 3671 prius
1297 3575 1463 3647 Othooaro
1483 3591 1563 3663 rege

892 3704 1075 3781 Bohenriae
1091 3702 1126 3775 irr
1145 3697 1276 3794 proelio
1299 3696 1502 3780 interemto,
1531 3694 1566 3762 et

892 3826 1064 3914 cumanis,
1094 3821 1148 3897 dei
1176 3817 1344 3894 adiutorio
1369 3812 1515 3889 viriliter
1531 3812 1566 3885 irr

891 3953 984 4027 hello
1007 3943 1189 4041 campestri
1217 3937 1402 4036 superatis.
1428 3935 1568 4010 tandem

894 4096 956 4169 per
983 4071 1076 4165 ipsos
1103 4086 1264 4142 cumanos
1289 4082 1396 4156 prope
1415 4061 1565 4132 nastrum

893 4183 1096 4288 Keresneg⁵)
1144 4190 1196 4263 est
1233 4183 1435 4259 interfectus
1475 4176 1567 4251 oiroa

894 4384 1048 4398 ——-—-

1000 4434 1025 4519 ¹)
1041 4429 1159 4499 Martii.
1176 4427 1261 4493 uuio.
1280 4423 1307 4510 ¹)
1328 4424 1360 4487 in
1375 4421 1459 4488 Edit.
1474 4419 1565 4485 loous

895 4541 1098 4627 depravatus:
1130 4532 1192 4599 Hie
1215 4532 1279 4596 fnit
1310 4529 1342 4595 in
1375 4523 1566 4591 monasterio

895 4648 1017 4732 primns
1033 4641 1240 4725 Bulgororum
1270 4635 1303 4700 in
1328 4630 1445 4718 proelio
1473 4646 1566 4713 supe·

896 4756 991 4818 ratus.
1025 4749 1052 4833 ³)
1083 4741 1341 4830 quinquagesimo
1383 4736 1412 4823 ⁶)
1429 4734 1569 4818 Regina·

899 4877 967 4922 rum
998 4852 1025 4941 ⁶)
1040 4850 1148 4919 Editio
1168 4846 1328 4915 mendosae
1350 4839 1570 4908 Keehrossita.
