3592 5490
828 384 985 489 ee...

206 628 330 710 ortana
365 590 620 684 secularibus
654 614 716 682 est
747 618 975 711 susceptus.
1011 600 1258 683 litandae.
1291 602 1489 710 praedicti
1523 596 1609 685 sei·

205 727 302 806 licet
344 726 479 829 Geysa
522 751 616 803 enm
661 724 824 807 dnobus
867 724 1047 832 paruulis
1089 726 1248 831 lugeret
1291 727 1332 807 in
1374 726 1606 807 Peloniam.

206 850 457 954 imperatore
490 873 511 927 a
546 872 670 949 regno
704 848 922 928 recedente
941 850 1074 955 Geysa
1102 848 1279 945 intrarit,
1308 876 1433 955 quem
1453 850 1612 929 timens

206 970 399 1051 Salomon
434 969 667 1051 retrocessit
701 970 738 1049 in
774 968 915 1051 lloson
936 983 1126 1051 cautium.
1148 970 1303 1050 'Patrnen
1325 971 1609 1053 mediantibus

205 1093 401 1197 religiosis
435 1090 670 1172 concordati
704 1110 812 1174 sunt.
846 1092 935 1173 llex
969 1109 1008 1171 et
1030 1094 1153 1172 frater
1175 1120 1275 1174 suns
1299 1092 1429 1174 David
1447 1095 1610 1175 liberos

206 1242 287 1297 non
321 1215 566 1297 habuerunt.
604 1212 701 1295 Dux
736 1242 830 1295 r-'ero
865 1214 999 1323 Geysa
1033 1216 1175 1319 gennit
1218 1214 1522 1298 Colomannmn
1568 1236 1614 1315 et

206 1339 392 1421 Almum.
425 1335 594 1417 llolremi
631 1338 826 1429 intrantes
859 1366 1045 1441 regmnn,
1088 1338 1219 1417 nmlta
1251 1338 1382 1445 spolia
1415 1339 1613 1446 deporta-

206 1480 378 1561 rerunt,
424 1486 496 1566 pro
539 1485 621 1565 qno
664 1488 736 1539 rex
780 1476 821 1540 et.
863 1461 949 1540 dux
994 1460 1233 1540 Bolremiam
1272 1463 1365 1565 igne
1400 1478 1440 1541 et
1472 1463 1613 1566 gladio

209 1597 487 1665 vastaverunt.
520 1581 616 1663 Post
647 1582 725 1663 hoc
759 1580 863 1664 Cuni
899 1582 1046 1689 pagani
1079 1583 1130 1662 de
1165 1610 1289 1687 regno
1324 1584 1452 1665 multa
1470 1584 1608 1692 spolia

209 1707 540 1813 deportaverunt,
560 1732 664 1809 ‹pnos
697 1704 784 1786 dux
817 1718 985 1786 sanetus
1007 1704 1220 1788 Ladislaus
1253 1706 1377 1786 tiater
1410 1704 1561 1788 (leisae
1574 1702 1606 1813 ¹)

209 1822 325 1911 ducis
343 1824 681 1935 persequebatur.
703 1826 919 1921 Quendam
942 1854 1146 1934 paganum
1167 1842 1397 1934 pertantem
1420 1829 1606 1935 puellam
1637 1924 1641 1933 Ι

209 1951 424 2050 interserit,
457 1949 637 2056 puellam
673 1950 897 2031 liberanda.
932 1950 1090 2031 Ibidem
1124 1965 1291 2033 sanetus
1324 1951 1539 2032 Ladislaus
1566 1952 1607 2031 in

208 2075 341 2156 l'ronte
374 2088 436 2153 est¹
469 2071 718 2153 vulneratus,
766 2072 909 2153 Postea
953 2099 1026 2152 rex
1071 2086 1112 2151 et
1152 2073 1279 2153 duces
1323 2073 1451 2154 nmlta
1497 2074 1611 2154 bella

26 2256 33 2271 .
106 2280 111 2292 ,
210 2195 427 2277 vietmiosa
460 2212 600 2274 eontra
633 2194 811 2275 Graecos
846 2211 886 2274 et
925 2194 1405 2301 Saraeerros(g·esserunt)
1448 2196 1519 2275 ubi
1569 2197 1609 2276 in
1660 2257 1664 2269 .

209 2317 408 2400 (lirisione
440 2316 665 2423 spoliorum
699 2317 980 2398 dissenserunt
1012 2317 1081 2415 sie,
1115 2334 1161 2398 ut
1192 2345 1265 2397 rex
1300 2345 1394 2397 enm
1429 2318 1611 2399 ducibus

87 2504 98 2523 .
209 2467 405 2545 magmnn
448 2438 681 2521 condictum
725 2440 765 2519 in
808 2439 899 2519 loeo
943 2440 1013 2519 ubi
1055 2468 1166 2519 utine
1199 2438 1326 2520 Varia.
1359 2440 1611 2543 babuerunt,

212 2565 282 2645 nbi
315 2564 400 2645 dux
430 2560 525 2641 Otto
560 2562 829 2641 lrolrermnmn
866 2576 927 2643 est
961 2562 1210 2660 interfectus,
1245 2578 1286 2642 et
1319 2589 1390 2642 rex
1410 2562 1611 2645 Salomon

209 2713 283 2794 per
313 2684 553 2766 llanubimn
588 2684 688 2787 fugit
723 2710 855 2790 nsque.
888 2683 937 2763 ad
973 2682 1129 2764 Mosen.

364 2820 464 2901 VII,
494 2815 633 2899 Galsa,
659 2819 683 2897 Ι
709 2819 928 2922 regnavit
962 2820 1094 2899 annis
1131 2819 1173 2899 3,
1193 2808 1316 2887 (ieisa
1334 2822 1373 2887 el
1391 2806 1612 2889 Latllslaus

206 2946 410 3011 renermrt
444 2930 481 3008 in
516 2927 680 3024 Albam,
716 2930 783 3009 nbi
819 2930 940 3009 (laisa
963 2947 1023 3007 est
1042 2945 1272 3009 eomnatus.
1306 2929 1452 3010 Postea
1470 2931 1610 3011 eecle-

207 3052 308 3133 siam
354 3050 596 3133 Vaeiensem
641 3051 838 3131 lundarit.
880 3049 1073 3130 Saltmron
1118 3078 1214 3131 rere
1263 3051 1427 3155 collegit
1469 3079 1514 3130 se
1557 3054 1609 3133 ad

209 3192 388 3256 eastrmn
422 3173 682 3271 Posoniense‚
717 3174 825 3279 <paral
861 3173 946 3252 dux
981 3186 1149 3254 sanetus
1179 3173 1391 3254 ladislaus
1424 3174 1607 3256 obsedit.

208 3295 270 3377 lle
311 3323 393 3403 quo
435 3295 626 3376 Salmnon
670 3312 809 3376 ernrtra
852 3311 1040 3375 sarretmn
1080 3296 1313 3377 Ladislanm
1349 3295 1491 3377 exibat
1527 3324 1611 3404 pu-

206 3446 331 3521 gnare
364 3419 517 3499 rolens.
558 3418 634 3497 t'oi
667 3446 793 3521 snper
825 3433 950 3523 ratpot
982 3418 1110 3497 saneti
1147 3418 1320 3498 Ladislai
1355 3418 1459 3499 dnos
1502 3420 1609 3501 vidit
1642 3432 1652 3449 '

207 3541 391 3645 angelos⁹
437 3540 676 3620 retrocessit.
725 3540 867 3619 l'ostea
910 3566 981 3618 rex
1017 3541 1137 3621 lleisa
1172 3540 1301 3620 rnlnit
1333 3568 1505 3644 regnum
1544 3569 1610 3622 re·

208 3658 422 3767 signar·e‚²)
457 3678 497 3741 et
530 3663 725 3742 duratum
760 3676 913 3749 tenere,
946 3661 1017 3741 sed
1054 3677 1183 3743 morte
1217 3682 1466 3770 praeventus
1501 3663 1608 3769 mig·

211 3786 314 3865 rarit
345 3784 394 3865 ad
429 3785 656 3885 (leoninum,
691 3800 731 3863 et
763 3784 951 3890 sepultus
984 3798 1044 3865 est
1079 3784 1240 3865 Variae.

361 3918 488 3999 vm.
508 3917 706 3999 Sanetus
723 3919 968 3999 ladislaus
986 3919 1010 3999 1
1028 3920 1246 4024 regnavit
1264 3921 1396 4000 annis
1413 3921 1482 4000 19.
1510 3907 1610 3989 Post

208 4040 382 4108 mortem
428 4028 575 4109 lleisae
619 4029 810 4109 urrirersa
860 4028 1078 4110 nmltitudo
1127 4045 1315 4111 sarlatum
1370 4030 1607 4111 ladislaum

205 4158 370 4232 lratrem
406 4151 493 4232 eius
527 4152 566 4230 in
600 4178 737 4256 regem
773 4153 996 4253 elegerunt,
1019 4153 1404 4233 eoermtradieente.
1445 4151 1607 4233 'l‘amen

208 4300 421 4380 mmquam
445 4302 636 4354 coronam
673 4274 710 4353 in
746 4274 878 4378 eapite
911 4302 986 4354 suo
1021 4276 1172 4382 posuit,
1217 4302 1288 4380 pre
1322 4301 1370 4353 eo
1405 4275 1516 4379 qnod
1540 4276 1606 4357 ius

208 4397 434 4502 legitinmm
486 4422 565 4475 non
617 4397 806 4476 babebat.
855 4394 906 4475 llr
948 4416 1093 4504 (prante
1137 4424 1245 4476 mmo
1289 4397 1350 4476 sni
1392 4397 1606 4501 regiminis

209 4519 448 4625 paeilieatns
483 4532 546 4597 est
579 4547 672 4599 enm
707 4518 940 4619 Salrnnone,
974 4520 1075 4601 dans
1109 4520 1143 4599 ei
1178 4518 1382 4624 stipendia
1413 4520 1463 4598 ad
1488 4546 1607 4624 rega·

212 4642 269 4723 les
314 4667 517 4748 expensas
557 4641 814 4721 snl'lieientia.
866 4640 1011 4722 Postea
1052 4640 1216 4721 retrusit
1255 4641 1519 4722 Salmmmem
1564 4642 1605 4721 in

369 4877 394 4982 ¹)
423 4882 502 4955 tro.
532 4883 696 4978 Toldyan.
726 4884 840 4958 Belae.
873 4878 899 4982 ²)
928 4884 1005 4960 ult.
1036 4885 1074 4956 T.
1105 4882 1293 4977 designare.
