3592 5490
827 339 889 406 13

781 433 937 444 ——1—

155 551 311 636 danum
354 553 568 637 Babilonie
599 556 853 664 ‘capitaneus
895 571 936 640 et
976 559 1064 641 dux
1108 555 1328 664 preficitur,
1370 567 1413 635 et
1460 580 1559 634 mox

155 675 287 757 victor
319 676 496 759 efficitur
527 678 739 783 gloriosus.
782 679 933 764 Mansit
965 693 1104 763 autem
1143 678 1199 760 ibi
1210 673 1240 785 ¹)
1275 678 1406 759 tribus
1441 703 1560 757 men·

156 797 285 880 sibus.
318 797 460 904 Regali
493 798 673 908 denique
706 800 899 885 thesauro
936 802 1137 910 exposito,
1172 800 1430 882 diuersorum
1466 824 1560 880 san·

156 933 318 1002 ctorum
351 948 426 1028 per
458 921 595 1029 ipsum
636 922 808 1029 reliquie
852 937 1156 1032 comparantur.
1201 921 1338 1030 Caput
1369 920 1562 1001 videlicet

156 1042 290 1124 sancti
327 1042 653 1150 prothomartiris
695 1043 906 1153 Stephani,
940 1060 981 1128 et
1024 1060 1150 1154 caput
1191 1047 1313 1126 beate
1357 1041 1559 1148 Margare-

155 1159 269 1272 the²)
314 1164 482 1271 virginis
526 1186 567 1246 et
600 1167 797 1267 martiris3
831 1170 976 1251 dextra
1017 1169 1128 1250 beati
1171 1167 1330 1247 Tbcme
1371 1165 1559 1272 apostoli,

157 1298 200 1366 et
242 1286 375 1369 sancti
418 1287 710 1370 Bartholomei.
752 1291 857 1372 ltem
898 1292 950 1372 de
983 1291 1096 1396 virga
1131 1292 1280 1389 Aaron,
1315 1301 1356 1368 et
1389 1313 1476 1368 una
1507 1286 1559 1366 de

157 1434 236 1490 sex
267 1409 393 1517 ydrys
426 1409 504 1492 illis
538 1410 579 1491 in
613 1410 765 1518 quibus
798 1412 984 1495 Christus
1029 1412 1207 1494 mutauit
1238 1436 1391 1517 aquam
1425 1409 1467 1488 in
1500 1408 1560 1489 vi-

158 1558 274 1631 num,
310 1543 352 1612 et
383 1531 463 1612 alie
497 1533 627 1614 multe
666 1561 770 1642 quas
803 1537 938 1642 potuit
969 1550 1069 1617 tunc
1113 1560 1373 1639 congregare.
1408 1530 1561 1612 Reuer-

160 1648 271 1760 sus³)
299 1670 362 1737 est
389 1653 429 1734 in
458 1653 712 1760 Hungariam
739 1684 835 1738 cum
856 1658 1052 1764 preciosis
1079 1656 1281 1738 thezauris
1309 1666 1560 1737 sanctorum.

160 1773 350 1881 Regnum
391 1789 532 1858 autem
576 1805 699 1860 suurn
739 1780 946 1862 reinnenit
990 1780 1029 1861 in
1068 1805 1263 1886 prospero
1305 1789 1427 1858 statu.
1468 1774 1559 1856 Non

161 1908 299 1979 tamen
335 1898 412 1979 hoc
444 1898 530 1981 suis
563 1900 729 2003 meritis,
764 1903 834 1984 sed
870 1914 1119 2002 sanctorum,
1154 1927 1330 2007 quorum
1366 1897 1559 2004 reliquias

161 2020 372 2121 afferebat,
405 2020 554 2103 ascribi
587 2023 728 2103 voluit.
762 2024 810 2105 ln
842 2051 1058 2107 occursum
1104 2051 1200 2128 ergo
1242 2021 1348 2126 regis
1383 2020 1558 2102 Benedi-

158 2155 252 2225 ctus
285 2141 498 2248 filiusEga
529 2141 841 2251 cancellariusl)
865 2147 1003 2252 regine
1036 2173 1181 2227 omnes
1216 2144 1393 2252 prelatos
1427 2142 1560 2223 eccle·

153 2266 217 2346 sie
252 2265 543 2372 compellebat.
580 2264 702 2348 Modo
743 2283 882 2350 autem
916 2270 1005 2351 illas
1043 2267 1237 2375 reliquias
1270 2280 1433 2349 sanctas
1466 2291 1561 2372 spe·

145 2386 320 2469 cialiter
351 2387 419 2468 ille
452 2389 626 2472 ecclesie
660 2389 825 2494 habent,
859 2419 1036 2498 quarum
1080 2389 1224 2497 prelati
1257 2388 1341 2493 regi
1375 2386 1559 2468 venienti

140 2510 330 2594 obuiam
374 2525 653 2593 occurrerunt.
685 2511 918 2597 Transactis
959 2515 1099 2620 itaque
1140 2538 1292 2593 nouem
1335 2509 1453 2591 annis
1487 2537 1562 2590 rex

129 2657 405 2738 generosam
448 2632 670 2741 Elyzabeth
713 2635 839 2716 filiam
881 2664 1001 2719 suam
1044 2635 1170 2717 nobili
1214 2629 1441 2738 Luduico⁵)
1475 2631 1561 2712 viro

121 2749 351 2862 illustrib
383 2755 575 2860 Turingie
608 2757 882 2863 Lantbgrauio
917 2758 1139 2866 copulabit.
1167 2756 1246 2851 Qui
1281 2766 1373 2862 post
1406 2754 1559 2836 multos

116 2902 295 2961 annos
335 2876 522 2960 similiter
562 2905 684 2961 cruce
726 2880 910 2985 signatus
952 2881 1104 2961 deuote
1145 2878 1434 2960 derosolimam
1470 2902 1561 2983 per·

107 3027 262 3106 gens
296 2999 451 3080 ibidem
489 3000 680 3106 migrauit
712 3002 762 3081 ad
797 3002 1017 3085 Christum.
1052 3000 1179 3083 Cuius
1213 3002 1364 3082 festum
1395 2998 1561 3080 deroso·

101 3121 270 3206 limis
303 3121 455 3204 deuote
488 3122 731 3206 celebratur.
765 3124 956 3230 lligrauit
999 3139 1138 3206 autem
1183 3151 1255 3203 rex
1290 3122 1477 3203 Andreas
1509 3119 1559 3200 ad

97 3244 390 3329 Dominum
423 3270 533 3326 anno
576 3245 731 3326 domini
777 3247 993 3329 millesimo
1036 3245 1322 3328 ducentesimo
1356 3243 1561 3326 tricesimo

92 3367 320 3482 quinte,
352 3365 559 3448 tricesimo
591 3393 700 3448 anno
734 3369 845 3475 regni
880 3370 955 3451 sui.
990 3368 1117 3450 Cuius
1151 3362 1342 3474 corpusl)
1369 3364 1561 3445 Varadini

85 3489 213 3585 ad
245 3488 376 3597 pedes
407 3488 538 3571 sancti
579 3490 755 3570 Ladizlai
789 3491 1021 3598 requiescit.
1055 3490 1183 3572 Cuius
1216 3515 1365 3595 corpus
1398 3489 1439 3567 in
1475 3514 1562 3568 mo·

82 3610 340 3712 „asterio
371 3609 423 3692 de
455 3611 585 3717 Egrns
617 3612 791 3693 feliciter
823 3614 1055 3722 requiescit.

162 3870 289 3964 (aba)
317 3866 401 3963 (Do
429 3869 723 3951 coronatione
749 3870 877 3973 regio
903 3869 1016 3950 Belo
1047 3868 1202 3974 quarti
1228 3865 1311 3946 otii
1341 3862 1528 3947 Androe

405 3989 608 4091 oeoundl,
637 3989 768 4071 etde
797 3991 1063 4073 diffortunio
1092 3991 1205 4071 eino.
1236 3988 1321 4082 Be>

325 4205 422 4288 123.
467 4206 557 4286 Rex
598 4205 699 4288 Bela
739 4219 833 4314 post
873 4234 969 4287 eum
1010 4206 1118 4287 filins
1160 4197 1302 4308 suusl)
1345 4213 1564 4283 coronatus

117 4331 208 4401 est
259 4327 391 4436 pridie
429 4328 533 4436 ydus
577 4326 766 4411 Octobris
809 4328 910 4409 feria
950 4329 1083 4434 prima
1126 4353 1209 4433 qua
1251 4337 1439 4405 cantatur
1475 4321 1566 4425 ,Da

116 4520 371 4544 nx...—

138 4722 147 4733 ·
323 4634 349 4721 ¹)
377 4637 513 4712 ibidem.
535 4637 581 4712 A.
616 4640 650 4713 S.
687 4635 713 4721 ²)
740 4640 930 4731 llalgarete
959 4640 994 4712 S.
1026 4635 1052 4719 ³)
1078 4660 1313 4730 reuersusque.
1342 4631 1370 4717 ⁴)
1394 4633 1561 4707 cancella-

121 4744 243 4810 uus.
277 4743 311 4816 S.
343 4738 370 4822 ὁ)
393 4742 500 4817 nobili
537 4743 609 4817 viro
646 4744 834 4818 lodowico.
866 4740 891 4819 ⁶)
916 4767 981 4817 om.
1012 4737 1038 4822 ⁷)
1067 4742 1100 4815 in
1137 4741 1343 4816 morrasterio
1382 4741 1422 4814 de
1452 4741 1565 4834 Egrus

129 4825 312 4922 lsslicitor
348 4847 541 4944 requiescit.
572 4843 598 4926 ⁸)
622 4849 672 4922 De
709 4871 790 4944 rege
824 4849 908 4923 Bela
946 4852 1078 4943 quarto.
1117 4850 1162 4924 Α.
1194 4842 1221 4931 ⁹)
1255 4846 1338 4922 eine.
