3660 5506
827 356 983 460 —13—

206 582 248 653 et
289 598 401 652 nunc
444 569 684 677 reconiuugi
724 573 777 653 ad
819 572 1084 655 tendenciurn
1098 568 1128 680 ¹)
1170 585 1296 655 staret
1337 572 1608 655 voluntatem.

205 691 439 801 Colurnpne
473 695 561 776 eius
594 721 648 774 ex
681 721 781 776 auro
803 696 985 778 laborate
1009 695 1209 778 habentes
1242 697 1465 797 iuncturas,
1484 722 1610 803 opera

206 815 387 919 ductilia,
411 817 452 897 in
485 817 621 898 medio
632 812 663 923 ²)
698 844 841 919 vae-uc,
866 819 907 899 in
940 820 1025 901 suis
1058 818 1270 920 iuncturis,
1289 818 1495 926 lapidibus
1517 845 1609 925 pre·

206 938 328 1021 ciosis
359 934 597 1045 fabricatcl)
631 940 920 1045 iungebantur.
958 940 1037 1022 Sed
1072 955 1113 1021 et
1145 968 1220 1022 sua
1254 940 1476 1023 ruaristalla
1508 941 1609 1022 durn

206 1076 396 1168 pergeret
428 1062 479 1142 ad
513 1062 756 1165 exercitum,
775 1063 1030 1147 diuersarum
1066 1063 1290 1170 patriarum
1325 1064 1442 1171 equis
1475 1064 1609 1171 reple·

205 1183 348 1283 batur3
381 1211 486 1290 quos
519 1186 712 1292 quauruis
746 1186 859 1268 visus
893 1200 1001 1270 esset
1032 1186 1239 1288 habuisse,
1274 1187 1438 1292 largiter
1471 1199 1607 1266 tamen

207 1306 425 1410 egentibus
468 1307 688 1406 tribuebat,
723 1308 778 1388 ita
819 1321 957 1389 tarnen
1003 1304 1155 1416 quod)
1189 1310 1293 1390 <luris
1327 1309 1397 1389 vix
1440 1308 1611 1389 haberet

208 1428 431 1537 aliquando
464 1456 537 1536 pro
571 1457 649 1512 usu
684 1430 908 1537 equitandi.
927 1431 1008 1513 lste
1026 1458 1123 1512 vero
1156 1430 1378 1513 rnaristalle
1412 1457 1465 1510 ex
1499 1431 1610 1512 bisso

208 1566 250 1631 et
280 1577 467 1659 purpura
508 1551 719 1633 habebant
764 1566 1011 1659 paraturam,
1045 1554 1117 1636 sed
1152 1566 1193 1634 et
1234 1554 1390 1659 regales
1422 1553 1522 1635 selle
1556 1579 1611 1633 ex

207 1699 307 1754 auro
340 1675 513 1777 fuerant,
548 1689 589 1756 et
619 1675 826 1783 lapidibus
868 1677 1064 1783 preciosis
1108 1677 1304 1759 laborate.
1340 1674 1484 1758 Mensa
1525 1691 1612 1756 erat

207 1808 294 1878 tota
325 1822 461 1900 aurea,
494 1823 594 1879 rasa
626 1798 756 1879 eciam
797 1798 1036 1905 coquinaria
1068 1826 1194 1881 aurea
1227 1811 1354 1880 erant.
1387 1798 1611 1879 Thalamus

208 1932 348 2000 autern
382 1920 470 2001 eius
504 1948 557 1999 cx
590 1946 690 2000 auro
725 1921 942 2028 purissirno
975 1922 1144 2002 rnirilice
1177 1922 1441 2020 fabrefactus
1468 1947 1611 2001 secum

209 2042 248 2122 in
284 2043 469 2123 exercitu
501 2043 721 2124 ferebatur.
749 2043 795 2123 ln
824 2043 1060 2125 huiusmodi
1094 2045 1216 2150 igitur
1248 2058 1289 2124 et
1320 2043 1407 2151 alys
1441 2037 1610 2149 seculi⁵)

208 2164 372 2272 pornpis
406 2163 529 2272 Atyla
562 2192 633 2244 rex
670 2166 875 2247 lnrnorurn
911 2180 997 2247 erat
1027 2168 1239 2272 gloriosus.
1263 2164 1490 2273 Expedicio
1513 2190 1611 2244 vero

209 2312 286 2369 sua
321 2301 455 2394 preter
487 2283 693 2394 exteras⁶)
727 2288 922 2370 naciones
961 2289 1098 2371 decies
1131 2289 1317 2370 centenis
1349 2287 1516 2367 rnilihus
1549 2312 1612 2366 ar·

210 2424 414 2490 rnatorurn
448 2409 697 2516 replebatur,
720 2411 776 2490 ita
810 2412 991 2517 quidern,
1011 2426 1057 2493 ut
1088 2413 1120 2493 si
1155 2440 1284 2492 urunn
1319 2411 1506 2491 sciticurn
1540 2408 1612 2488 de·

210 2531 356 2613 cedere
399 2532 638 2636 contigisset
682 2529 920 2639 coutinuo⁷)
968 2562 1041 2641 pru
1083 2534 1172 2641 ipso
1220 2535 1324 2615 alter
1370 2532 1613 2640 ponebatur.

208 2655 339 2734 Arina
381 2654 549 2761 quidern
591 2656 723 2760 gentis
767 2656 855 2736 cius
899 2683 949 2749 ex
996 2657 1105 2737 corio
1148 2656 1330 2737 rnaxirne
1364 2670 1405 2735 et
1438 2653 1614 2734 nietallis

207 2801 330 2885 varys
363 2777 640 2858 diuersinrodc
672 2778 840 2858 fuerunt
879 2778 1075 2878 laborata,
1108 2806 1227 2860 arcus
1262 2779 1419 2859 habens
1452 2790 1494 2856 et
1527 2776 1613 2855 lan·

206 2924 303 2980 cens
346 2900 605 2981 acutissimas
649 2900 800 3006 pariter
842 2914 882 2980 ct
923 2900 1076 2982 cultros
1120 2902 1326 2981 accinctos
1368 2900 1408 2979 in
1441 2900 1609 2979 feruore.

205 3020 444 3103 Balueriunr
455 3018 487 3128 ⁸)
522 3047 688 3129 quoque
712 3023 816 3126 regis
836 3021 970 3131 Atyle,
990 3023 1098 3129 qirod
1128 3023 1167 3102 in
1195 3050 1270 3105 suo
1303 3032 1421 3103 scuto
1454 3031 1613 3124 gestare

207 3144 824 3243 consueuerat,similitudinem
859 3146 1037 3226 austnris
1063 3146 1100 3225 in
1136 3146 1269 3252 eapite
1302 3142 1484 3225 habebat
1516 3168 1612 3221 cnru

206 3291 372 3347 corona.
406 3264 525 3362 erod
560 3266 722 3370 signurn
758 3267 930 3371 hungari
964 3268 1063 3348 drun
1098 3294 1142 3349 se
1175 3280 1363 3372 regerent
1396 3292 1468 3372 per
1501 3289 1614 3343 crani-

205 3388 453 3470 rnunitatern
496 3414 630 3495 usquc
673 3404 861 3495 tempora
902 3390 1018 3472 ducis
1060 3389 1227 3498 Geyche
1269 3389 1339 3497 fily
1380 3386 1529 3466 'l'oxun
1574 3385 1614 3465 in

206 3511 397 3592 exercitu
430 3537 596 3617 semper
628 3511 912 3592 eornrnnniunr
946 3528 1174 3617 gestauere.

365 3669 404 3749 8.
422 3668 644 3775 Postquam
669 3680 808 3749 autern
828 3670 1048 3750 corinnisso
1075 3668 1203 3777 prelio
1221 3667 1263 3748 in
1282 3666 1483 3747 Oezruanr
1492 3662 1523 3772 ⁹)
1551 3694 1614 3745 re·

95 3825 100 3833 ·
205 3790 365 3872 dissent
396 3786 634 3898 hungari¹⁰)
662 3819 757 3872 curn
792 3790 962 3871 victoria
987 3791 1037 3871 ad
1066 3817 1142 3873 sua
1169 3789 1449 3890 tabernacula,
1467 3789 1614 3870 (liebus

205 3913 353 4021 paucis
385 3913 494 3994 ultra
524 3912 701 3995 Tisciurn
735 3941 831 3993 curn
865 3914 1066 3996 uxoribus
1100 3923 1428 4020 permanserunt,
1463 3926 1504 3992 ot
1536 3910 1615 3990 hoc

205 4036 318 4116 facto
350 4062 423 4115 rex
444 4033 569 4143 Atyla
600 4035 651 4117 ad
685 4064 817 4117 unuin
852 4031 1026 4142 dicnr¹¹)
1044 4036 1304 4143 solerupuern
1338 4034 1493 4116 curiarn
1518 4032 1617 4113 lecit

206 4158 459 4264 congregari.
492 4157 538 4239 In
574 4185 699 4265 quarn
734 4156 927 4240 Detricus
959 4159 1011 4239 de
1032 4156 1196 4240 Verona
1229 4184 1323 4238 curn
1359 4155 1614 4264 principibus

205 4279 428 4362 Germania
462 4281 665 4364 accedens
698 4306 865 4362 ornnern
889 4274 1244 4386 homagionern¹²)
1269 4292 1309 4360 et
1331 4277 1612 4359 reuerenciarn

367 4553 393 4640 ¹)
417 4556 669 4631 attendentium
702 4558 888 4631 voluntate.
920 4552 947 4640 ²)
980 4561 1105 4631 tamen.
1144 4558 1220 4631 add.
1252 4550 1279 4633 ³)
1311 4554 1509 4629 fabrefacto.
1540 4554 1611 4629 VP.

205 4657 235 4744 ⁴)
262 4658 398 4753 quidem
425 4665 474 4735 ut.
505 4664 574 4736 VP.
606 4656 632 4751 ⁶)
657 4661 771 4736 mundi
800 4664 841 4738 Β.
873 4658 899 4741 ⁶)
924 4666 1120 4736 extraneas.
1143 4655 1170 4744 ⁷)
1195 4659 1323 4735 statim.
1348 4655 1374 4740 ⁸)
1400 4657 1611 4733 Galnerium.

205 4766 280 4841 VP.
312 4758 558 4946 'lvgezgnaun
591 4763 633 4851 ¹⁰)
658 4765 772 4840 huni..
790 4763 829 4857 ¹¹)
858 4768 900 4843 ad
928 4770 1076 4844 Zeuuen.
1107 4768 1148 4840 B.
1178 4767 1312 4838 Zenon.
1344 4763 1378 4836 S.
1413 4759 1454 4846 ¹²)
1482 4761 1611 4856 omagi-

205 4891 312 4944 nem.·
389 4926 398 4945 .
457 4928 466 4946 .
