3660 5506
758 352 913 455 ja-

131 564 301 647 detrusi.
344 566 427 648 Illis
469 595 622 675 nempe
666 569 705 649 in
747 569 937 673 gerendis
979 569 1184 651 iudicatus
1225 582 1311 651 erat
1351 569 1537 670 nobilior,

132 689 205 794 qni
239 687 334 768 fidei
368 687 515 772 Christi
549 691 668 771 citius
700 691 939 774 adhesisset.

290 831 360 910 44.
393 829 493 910 Poth
529 856 625 911 vero
658 833 885 936 generacio
920 831 1032 912 unde
1070 829 1284 913 Conradus
1317 832 1369 912 de
1402 831 1537 914 Altin-

129 951 239 1057 burg
249 946 278 1057 ¹)
313 952 534 1052 derinatnr,
557 954 814 1059 temporibus
847 954 953 1059 regis
986 950 1217 1035 Salomonis
1228 947 1260 1059 ²)
1283 952 1352 1061 fily
1372 954 1537 1036 Andree

130 1073 317 1154 venitin
353 1074 619 1156 Pannoniam.
656 1074 733 1156 llio
773 1075 991 1157 Hernistus
1025 1087 1087 1155 est
1120 1087 1303 1176 vocatus,
1337 1077 1409 1157 sed
1442 1101 1536 1182 pro-

128 1206 274 1302 pterea
314 1195 414 1276 Poth
458 1197 536 1277 tuit
573 1198 828 1304 appellatus,
863 1198 961 1304 quia
998 1197 1283 1279 internuncius
1316 1213 1402 1279 erat
1433 1199 1538 1278 inter

130 1317 420 1424 imperatorem
456 1314 734 1424 Conradnm³)
767 1335 809 1401 et
841 1318 1051 1401 Andream
1092 1345 1141 1400 ac
1173 1319 1438 1402 Salomonem
1471 1347 1536 1401 re·

128 1465 214 1545 ges.
250 1440 352 1520 Poth
386 1441 495 1521 enim
529 1442 750 1541 teutonice,
784 1443 910 1523 latine
941 1442 1119 1523 nuncius
1151 1455 1281 1524 sonat.

289 1580 357 1661 45.
393 1577 557 1686 Bet-seh
591 1596 728 1662 antem
765 1597 806 1662 et
838 1582 1019 1691 Gregory
1039 1581 1254 1686 generacio
1276 1581 1328 1662 de
1359 1581 1532 1682 Francia

128 1712 205 1801 est,
239 1728 292 1780 ex
326 1703 682 1806 consanguinitate
716 1703 932 1785 Guillermi
965 1703 1063 1784 dicti
1096 1698 1304 1810 Cornes5).

287 1840 358 1921 46.
392 1841 574 1950 qunini
616 1843 784 1949 quidem
820 1860 861 1923 et
898 1838 1100 1948 Riualdil)
1135 1842 1246 1947 origo
1279 1855 1341 1925 est
1373 1842 1425 1922 de
1457 1840 1530 1921 Hi·

128 1962 287 2066 spania,
321 1990 416 2045 cum
464 1965 602 2066 regina
640 1964 896 2069 Margaretha
932 1965 1106 2069 coniuge
1150 1960 1289 2070 Belel)
1323 1964 1428 2066 regis
1460 1963 1531 2071 fily

127 2083 231 2162 Zaar
263 2084 438 2165 Ladizlai
473 2086 727 2166 Pannoniam
764 2087 976 2168 adeuntes.
1013 2084 1091 2166 Hic
1125 2087 1233 2166 enim
1268 2086 1368 2166 Bela
1402 2086 1533 2191 primo

128 2231 306 2286 uxorem
340 2207 391 2286 de
424 2206 593 2288 Polonia
626 2208 781 2290 hahuit.

288 2339 358 2428 47.
386 2344 449 2425 De
474 2348 746 2451 generacione
775 2343 956 2454 autem⁸)
984 2348 1095 2428 Guth
1123 2347 1255 2427 Keled
1282 2346 1401 2453 plura
1419 2371 1536 2425 enar·

128 2478 283 2569 rantur,
317 2467 387 2548 sed
423 2493 497 2576 pro
531 2484 642 2549 certo
678 2498 749 2576 per
781 2470 944 2550 Petrum
981 2497 1119 2574 regem
1155 2469 1253 2550 dum
1288 2469 1397 2549 idem
1431 2467 1537 2572 fugit

128 2588 181 2670 ad
218 2587 443 2671 Henricum
490 2589 682 2672 Cesaram
718 2592 760 2671 in
792 2592 1040 2672 adiutorium
1076 2591 1112 2670 ei
1146 2604 1243 2671 sunt
1284 2589 1451 2671 adducti
1484 2589 1537 2670 de

130 2725 265 2792 castro
298 2710 439 2819 Stoph.
473 2710 579 2794 Sunt
612 2714 744 2793 exorti
778 2715 829 2793 de
862 2712 1027 2814 Saenia,
1050 2713 1161 2793 unde
1195 2713 1418 2819 imperator
1449 2711 1534 2790 Fri·

129 2828 335 2940 dericns⁹)
369 2848 503 2915 ortum
538 2834 672 2915 habet.
701 2835 783 2916 Ista
816 2835 925 2915 enim
960 2835 1175 2940 generacio
1209 2835 1260 2914 de
1290 2834 1535 2941 primatibus

130 2954 284 3037 Sueuie
318 2956 455 3037 extitit
476 2971 705 3062 procreata:
724 2984 928 3064 pauperes
958 2958 1065 3037 enim
1096 2969 1194 3038 suut
1225 2955 1533 3055 hereditatibus,

129 3077 202 3158 sed
238 3078 355 3184 probi
389 3088 431 3159 et
463 3078 648 3159 valentes
682 3080 853 3160 suntin
887 3081 1018 3185 patria
1057 3093 1292 3159 memorata.
1324 3076 1446 3158 Istius
1481 3075 1534 3156 si-

131 3198 302 3304 quidem
338 3199 449 3281 Guth
484 3200 614 3280 Keled
638 3202 853 3304 generacio
876 3201 1132 3307 temporibus
1153 3198 1384 3281 Salomonis
1416 3197 1532 3301 regis

129 3320 308 3401 Ladizlai
342 3336 383 3400 et
404 3321 572 3429 Geyche
606 3321 761 3403 ducum
795 3323 932 3403 extitit
963 3322 1156 3403 exaltata.
1174 3322 1280 3402 Nam
1312 3335 1412 3401 tunc
1445 3319 1533 3425 ipsa

128 3441 346 3548 generacio
389 3443 429 3523 in
483 3444 586 3525 duas
641 3457 776 3550 partes
826 3444 960 3526 diuisa
1003 3445 1099 3545 luit3
1143 3444 1312 3550 qnidam
1356 3441 1533 3523 ducibus

127 3564 388 3665 adherentes,
408 3565 577 3671 quidam
599 3592 696 3647 vero
728 3564 949 3667 Salomoni,
974 3579 1015 3646 et
1047 3565 1280 3674 specialiter
1295 3563 1386 3666 Vid,
1407 3589 1532 3670 quern

128 3685 339 3767 Salomon
359 3687 565 3769 exaltasse
599 3687 838 3795 perhibetur
870 3715 996 3794 snper
1035 3688 1136 3770 alios
1176 3686 1228 3766 de
1260 3684 1533 3790 generacione

129 3802 392 3915 predicta¹¹).

288 3947 357 4029 48.
391 3943 783 4054 Generacionem¹²)
817 3943 1043 4055 Ratoldi¹³)
1082 3947 1133 4028 de
1167 3945 1321 4054 Apulia
1353 3944 1532 4028 exiuisse

127 4068 271 4150 nullus
303 4068 429 4150 debet
470 4070 672 4152 dubitare.
705 4068 769 4151 De
813 4070 1064 4175 cognacione
1108 4068 1268 4150 comitis
1311 4062 1531 4175 Castrie¹⁴)

128 4189 324 4273 Oliuerus
356 4189 555 4274 Ratoldus
589 4192 750 4274 oriundi
782 4218 856 4298 per
887 4219 1026 4297 regem
1065 4188 1366 4272 Colomannum
1401 4189 1531 4271 filiurn

291 4427 317 4510 ¹)
341 4431 381 4505 de
409 4432 615 4525 imperatore
644 4433 813 4506 corardus
850 4433 890 4505 de
924 4431 1058 4505 Altinb.
1088 4432 1157 4503 llP.
1188 4429 1362 4504 Gorandns
1399 4428 1531 4501 (1141-

127 4537 294 4629 limburg.
326 4537 360 4610 S.
391 4537 614 4611 Altenburch.
643 4538 684 4610 ll.
716 4533 741 4616 ¹)
766 4536 969 4610 salamonis.
1000 4535 1038 4610 S.
1069 4530 1096 4616 ³)
1120 4534 1313 4608 Gorardnm.
1342 4531 1421 4606 VP.
1452 4532 1531 4605 Gor·

127 4640 262 4714 radun.
302 4643 337 4716 S.
367 4638 395 4721 ⁴)
420 4642 541 4715 Mersa.
572 4643 642 4715 VP.
681 4642 798 4716 Gerse.
836 4643 877 4714 B.
917 4635 944 4720 5)
969 4640 1098 4714 Comes.
1128 4640 1198 4711 llP.
1238 4638 1374 4710 tornes.
1412 4637 1452 4708 B.
1492 4634 1530 4708 S.

130 4741 161 4826 ⁶)
185 4743 346 4818 Renaldi.
378 4740 405 4814 'l
428 4745 529 4819 belle.
569 4746 603 4818 S.
642 4745 745 4818 bella.
776 4739 803 4825 ⁸)
827 4768 921 4838 ergo.
953 4739 979 4826 ⁹)
1003 4742 1187 4817 Fridrions.
1227 4741 1261 4813 S.
1296 4735 1337 4816 ¹⁰)
1365 4762 1430 4811 orn.
1460 4739 1530 4810 VP.

12 4926 17 4931 .
132 4847 177 4932 ¹¹)
206 4848 414 4942 supradicta.
448 4845 489 4933 ¹²)
514 4852 639 4923 antem.
669 4849 746 4922 add.
777 4849 812 4922 S.
841 4848 959 4944 igitur.
982 4849 1021 4920 ll.
1056 4842 1097 4929 ¹³)
1116 4844 1267 4918 Rataldi.
1302 4839 1342 4926 ¹⁴)
1362 4843 1472 4915 (laste.
1490 4842 1530 4915 V.
