3660 5506
866 358 887 422 9

800 439 956 459 ——J-

177 605 262 663 uno
295 604 464 687 quoque
496 603 647 683 genere
680 566 826 656 docem
850 574 979 656 millia
1009 588 1261 658 armatorum
1294 578 1475 662 virorum
1508 579 1581 663 eli·

178 715 323 810 gentes
355 699 561 783 derelictis
579 698 667 806 alys
700 695 834 779 Hunis
867 696 906 777 in
940 696 1079 805 scytia
1091 693 1118 805 ¹)
1142 699 1213 807 qui
1245 700 1428 808 ipsorum
1460 703 1581 786 sedes

178 850 439 932 regnumque
471 822 524 904 ab
557 821 676 903 hoste
717 818 983 901 custodirent.
1017 817 1367 929 Constituentes²)
1401 824 1506 907 inter
1536 853 1582 908 se

178 961 380 1031 rectorem
414 973 547 1027 unum
580 941 748 1024 nomine
772 941 911 1024 Kadar
926 943 977 1024 de
1010 967 1161 1049 genere
1193 943 1368 1055 Torda³)
1389 948 1458 1055 qni
1492 948 1582 1034 litcs

180 1071 334 1180 sopiret
365 1067 674 1168 dissidencium,
693 1067 805 1146 fures
838 1080 877 1145 et
911 1066 1090 1149 latrones
1122 1095 1170 1149 ac
1198 1070 1481 1156 malefactores
1514 1099 1582 1155 ca·

181 1195 350 1300 stigaret
381 1191 438 1272 ita
469 1205 623 1289 tamen,
642 1201 688 1270 ut
705 1187 737 1270 si
772 1202 905 1268 rector
925 1188 1033 1269 idem
1069 1189 1381 1274 immoderatam
1415 1211 1582 1276 senten·

182 1319 287 1399 ciam
330 1306 563 1419 diffiniret⁴)
602 1311 642 1392 in
676 1309 832 1391 irritum
877 1325 1016 1418 posset
1058 1314 1333 1396 communitas
1375 1343 1582 1420 reuocare,

178 1451 381 1522 errantem
393 1432 424 1544 ⁵)
468 1450 668 1517 rectorem
715 1445 756 1513 et
788 1433 1026 1541 capitaneos
1067 1435 1374 1545 disponerent⁶)
1417 1440 1583 1546 quando

177 1564 344 1646 veilent.
361 1557 630 1642 Consuetudo
663 1554 803 1663 itaque
838 1569 901 1639 est
931 1557 1134 1662 legittima
1164 1555 1282 1665 ista⁷)
1306 1560 1412 1644 inter
1437 1562 1583 1647 Hunos

178 1687 267 1772 siue
301 1685 507 1790 hungaros
540 1706 674 1787 usquo
718 1679 769 1760 ad
811 1693 999 1787 tempora
1038 1681 1155 1764 ducis
1193 1683 1361 1791 Geyche
1402 1684 1472 1794 fily
1504 1685 1582 1768 To·

178 1803 309 1914 xun⁸)
344 1804 479 1888 extitit
511 1805 743 1887 obseruata.
767 1803 875 1883 Ante
909 1802 1060 1884 etenim
1072 1797 1104 1910 9)
1138 1805 1391 1914 baptismum
1426 1808 1584 1914 hunga-

179 1959 318 2015 rorum
351 1930 392 2010 in
426 1927 570 2010 castris
587 1951 670 2006 vox
704 1919 962 2032 preoouia¹⁰)
996 1926 1214 2008 clamando
1247 1927 1383 2010 taliter
1414 1925 1585 2036 inter¹¹)

178 2053 325 2136 Hunos
358 2051 452 2159 (sb)
487 2049 763 2154 congregabat
800 2047 851 2127 ad
885 2047 1139 2130 exercitum:
1172 2049 1265 2132 Vox
1298 2051 1365 2133 dei
1399 2068 1440 2133 et
1472 2079 1584 2134 com·

181 2174 393 2260 munitatis
426 2173 635 2273 uniuerso,
653 2169 766 2277 quod
798 2169 1088 2277 unusquisque
1106 2171 1147 2251 in
1181 2173 1250 2254 tali
1284 2173 1375 2257 loco
1402 2187 1585 2259 armatus

179 2298 247 2380 vei
280 2295 402 2379 sicuti
434 2288 590 2401 esse¹²)
624 2293 775 2375 debeat
814 2293 973 2400 precise
1007 2319 1244 2401 conparere,
1278 2297 1585 2380 communitatis

179 2431 427 2530 preceptum
461 2445 510 2499 ac
543 2415 762 2500 consilium
796 2415 1024 2498 auditurus.
1043 2413 1292 2526 Quicunque
1325 2435 1465 2505 autem
1500 2420 1586 2502 edi·

181 2557 297 2626 ctum
331 2539 649 2649 contempsisset
666 2564 749 2620 non
782 2537 963 2645 (volens)
997 2540 1240 2645 pretendere
1259 2543 1479 2647 racionem,
1498 2543 1586 2625 cul·

182 2681 244 2749 tro
278 2658 471 2771 diuidi¹³)
515 2689 593 2771 per
631 2660 817 2744 medium
860 2658 931 2740 lex
963 2661 1117 2769 scytica
1160 2663 1391 2768 esuriebat,
1425 2679 1497 2750 aut
1528 2666 1587 2747 ire

182 2789 226 2870 in
259 2788 498 2896 desperatas
532 2783 775 2887 causas,vel
803 2782 843 2863 in
877 2782 1163 2866 communium
1196 2787 1417 2871 seruicinm
1452 2789 1587 2871 immi·

183 2909 444 2994 sericorditer
485 2907 736 2991 tradebatur.
771 2903 885 2986 Vicia
928 2904 1067 3012 itaque
1101 2921 1142 2988 et
1174 2907 1410 2994 huiusmodi
1443 2938 1589 2995 exces-

183 3060 268 3136 sus,
286 3060 418 3116 unum
451 3030 625 3113 Hunum
659 3029 711 3113 ab
744 3028 831 3135 alys
863 3027 1051 3110 fecerunt
1082 3033 1275 3137 separari.
1300 3030 1415 3117 Alias
1448 3047 1589 3118 autem

184 3183 282 3237 cum
316 3182 426 3238 unus
459 3166 577 3262 pater
610 3165 650 3234 et
683 3176 767 3234 una
799 3143 988 3256 etiam¹⁴)
1006 3163 1138 3232 mater
1169 3152 1314 3239 Hunos
1348 3183 1493 3240 omnes
1518 3184 1590 3266 ge·

184 3304 336 3360 nerans
371 3274 668 3385 procreauerit3
702 3270 911 3380 quomodo
945 3300 1054 3355 unus
1086 3275 1237 3359 nobilis
1269 3292 1311 3360 et
1341 3278 1445 3361 alter
1476 3279 1590 3387 igno·

183 3400 279 3483 bilis
312 3426 402 3483 esse
436 3399 653 3500 diceretur,
676 3395 755 3478 nisi
776 3394 910 3476 victus
937 3422 1012 3502 per
1044 3394 1119 3479 hos
1152 3425 1272 3484 casus
1305 3401 1486 3485 criminis
1518 3402 1591 3485 ha·

183 3524 363 3605 beretur.

343 3696 383 3777 6.
415 3693 534 3778 Tunc
567 3719 712 3775 omnes
745 3690 948 3798 capitanei
982 3692 1105 3774 simul
1133 3722 1217 3777 uno
1252 3697 1390 3782 animo
1423 3728 1593 3810 unoque

183 3817 357 3901 consilio
402 3816 554 3924 egressi
588 3816 640 3895 dc
673 3812 812 3921 Scyria
850 3812 1049 3896 intrantes
1093 3818 1259 3900 tandem
1296 3818 1509 3933 Bessos¹⁵)
1553 3839 1595 3908 et

183 3966 389 4023 cumanos
422 3938 551 4040 albos,
590 3936 740 4018 deinde
773 3934 962 4018 susdalos
1006 3936 1204 4023 ruthenos
1237 3954 1472 4054 terramque
1505 3948 1594 4054 nig-

183 4090 325 4145 rorum
360 4087 632 4145 cumanorum
668 4059 759 4166 (da)
805 4057 1021 4141 intrauere.
1056 4058 1222 4144 Abinde
1266 4069 1417 4172 egressi
1462 4098 1595 4179 usque

184 4185 241 4268 ad
271 4184 463 4293 Tysciam
497 4192 790 4291 peruenerunt,
820 4206 903 4287 qua
936 4181 1106 4288 quidem
1139 4186 1305 4291 regione
1339 4190 1605 4302 circurnspe·'

185 4374 395 4383 ..-...-.-.-..

349 4457 373 4542 1)
407 4461 452 4534 ol.
491 4462 584 4533 Hun·
623 4457 657 4530 ill
696 4456 778 4532 Scit.
819 4456 948 4529 der-B
991 4452 1018 4536 'r
1049 4458 1159 4535 nihilo
1197 4462 1320 4539 minus.
1359 4467 1435 4542 add.
1475 4471 1516 4544 B.
1557 4471 1594 4545 S.

188 4560 219 4645 8)
242 4564 358 4639 Turda
384 4564 565 4639 oriundum
593 4562 668 4635 edd.
699 4562 733 4634 S.
764 4556 792 4641 ⁴)
816 4559 862 4633 id.
888 4583 954 4634 reo.
984 4562 1121 4637 immod.
1151 4565 1222 4640 diff.
1252 4575 1385 4645 senten.
1406 4572 1446 4646 Β.
1477 4568 1505 4655 ⁶)
1529 4597 1595 4668 que

186 4669 266 4745 add.
295 4670 366 4744 VP.
397 4665 425 4753 6)
448 4670 666 4765 deponerent.
703 4668 738 4739 S.
768 4667 839 4741 ΒΡ.
869 4665 1048 4760 deponere.
1085 4670 1125 4742 B.
1159 4664 1184 4749 ἵ)
1208 4673 1307 4747 Cons.
1341 4675 1456 4769 itaque
1493 4679 1592 4773 legit.

186 4773 269 4850 ista.
300 4769 327 4857 8)
350 4775 502 4851 Thosun.
533 4773 568 4847 S.
600 4766 627 4853 9)
651 4768 751 4845 enim.
781 4772 818 4845 S.
851 4766 892 4851 10)
920 4772 1099 4864 pretonico
1127 4776 1167 4848 B.
1197 4778 1354 4870 preconis
1382 4781 1419 4854 S.
1452 4777 1492 4860 ιι)
1524 4805 1590 4859 om.

192 4873 237 4967 ²⁸)
265 4881 328 4958 osi.
356 4881 399 4957 B.
429 4880 465 4957 S.
498 4874 540 4965 η)
568 4877 662 4956 tultu
690 4874 817 4952 diuino
846 4877 917 4951 VP.
952 4871 992 4959 ¹⁴)
1020 4900 1085 4953 0111.
1116 4880 1187 4955 VP.
1217 4882 1253 4956 S.
1288 4878 1329 4967 15)
1357 4884 1490 4964 Bissos.
1520 4889 1593 4966 ΒΡ,
