3660 5506
838 306 994 410 A

637 518 706 601 De
733 526 880 602 morto
907 519 1035 600 Petri
1061 523 1199 627 tegla.
1235 519 1238 524 ’

372 737 442 818 83.
477 735 619 817 Petrus
652 747 793 816 autern
827 762 899 814 rex
933 734 1079 817 videns
1117 736 1323 842 hungaros
1364 741 1582 822 unanimitr

214 859 424 940 adhesisse
458 857 635 940 ducihns
667 856 803 936 Endre
837 869 877 936 et
910 857 1106 958 Leueute,
1150 858 1238 965 ipse
1275 888 1371 941 curn
1403 863 1488 945 suis
1521 878 1582 945 ter

214 980 359 1062 tonicis
384 981 525 1086 fugam
558 979 646 1086 inyt
678 1005 822 1060 versus
852 977 1001 1060 Musun
1016 974 1057 1084 ¹),
1086 993 1133 1061 ut
1157 981 1308 1062 abinde
1338 982 1377 1063 in
1407 985 1582 1066 Austriar

212 1103 487 1210 pertransiret.
522 1099 602 1181 Sed
636 1100 759 1207 (aaa)
794 1101 971 1181 euadere
1005 1127 1086 1181 non
1121 1104 1266 1208 potnit.
1299 1103 1467 1186 Interim
1501 1107 1582 1187 enir

212 1224 385 1329 hungari
419 1235 556 1330 portas
590 1235 631 1302 et
663 1222 800 1302 exitus
841 1223 955 1328 regni
998 1223 1129 1329 prirno
1172 1243 1495 1332 occupauerunt.
1531 1227 1582 1308 Se

213 1360 255 1426 et
284 1348 444 1452 legatus
476 1345 593 1426 ducis
626 1343 761 1424 Endre
794 1344 1007 1426 reuocauit
1040 1344 1203 1426 Petrnrn
1239 1376 1374 1451 regern
1409 1350 1487 1431 suh
1522 1378 1582 1457 prr

211 1482 332 1550 textu
364 1468 477 1575 pacis
511 1480 552 1547 et
584 1465 749 1546 honoris
782 1465 859 1546 sibi
888 1467 1069 1570 congrui.
1099 1467 1177 1562 Qui
1206 1471 1377 1551 credens
1408 1471 1444 1550 ei
1473 1499 1582 1553 reuer

211 1591 376 1671 tebatnr
411 1602 459 1670 nt
499 1588 660 1688 dicitur,
702 1587 773 1668 sed
817 1589 998 1668 nraxhne
1044 1605 1197 1690 coacte,
1241 1593 1339 1697 quia
1382 1593 1582 1676 exercitur

211 1712 289 1794 sibi
321 1712 403 1793 iarn
437 1710 727 1793 absconditum
772 1723 1033 1813 cognouerat,
1069 1727 1109 1789 et
1143 1713 1309 1793 volebat
1343 1714 1489 1795 reuerti
1533 1717 1582 1797 fer

211 1834 390 1915 tinanter
421 1833 463 1913 in
496 1832 660 1913 Albani.
701 1831 780 1925 Qui
818 1859 911 1912 cunr
952 1833 1185 1914 diuertisset
1218 1835 1256 1915 in
1292 1836 1429 1916 villan]
1463 1837 1582 1919 Zarnt

212 1956 420 2062 predictus
441 1955 600 2060 legatus
627 1952 758 2034 voluit
785 1981 881 2034 eunr
910 1981 1057 2061 capere
1079 1970 1120 2034 et
1141 1953 1369 2062 vincturn²)
1397 1958 1446 2038 ad
1476 1958 1582 2040 hodi

211 2078 361 2159 (lucem
405 2077 643 2183 perducere.
690 2076 832 2156 Petrus
874 2089 1012 2156 autern
1054 2104 1304 2182 prenoscens
1339 2079 1416 2160 hoc
1449 2081 1582 2185 colleg

211 2227 255 2282 se
279 2199 319 2280 in
346 2199 569 2306 quamdam
604 2197 772 2297 curiam,
797 2211 838 2277 et
859 2225 931 2302 per
958 2198 1140 2280 tridnurn
1174 2201 1342 2281 viriliter
1373 2201 1582 2284 rlinrioand

211 2321 480 2428 semetipsum
530 2318 791 2401 defendebat.
839 2318 1023 2426 'laudern
1073 2321 1223 2403 rnilites
1267 2323 1355 2404 eins
1398 2350 1547 2407 ornnes

211 2443 425 2552 sagittarys
443 2440 812 2546 suntinterenrpti3
842 2440 928 2547 ipse
948 2469 1044 2522 vero
1073 2443 1193 2525 riuus
1211 2459 1356 2551 captus
1384 2461 1445 2527 est
1472 2460 1514 2526 et
1540 2449 1582 2528 ol

210 2579 389 2666 cecatus,
423 2563 659 2670 Albamque
692 2562 853 2662 ductus,
888 2578 929 2643 et
962 2591 1032 2669 pre
1067 2564 1192 2645 nirnio
1234 2566 1373 2646 dolore
1405 2568 1534 2648 vitant
1574 2570 1582 2649 i

212 2687 327 2769 breui
362 2687 504 2787 finiuit,
538 2686 809 2793 sepultusque
848 2698 910 2765 est
944 2684 1325 2795 Quinqueecclesys
1362 2689 1400 2769 in
1443 2690 1582 2772 basili(

211 2836 339 2915 quarn
372 2810 460 2916 ipse
493 2801 779 2912 fundauerat³)
814 2832 922 2886 anno
956 2809 1081 2888 tercio
1117 2809 1228 2914 regni
1261 2810 1335 2892 sui.

263 3049 347 3142 (Dc
377 3047 676 3129 coronaolonc
704 3045 805 3124 vlta
831 3050 878 3124 et
904 3052 1052 3127 morte
1078 3048 1207 3151 regis
1234 3047 1434 3129 Andron.
1453 3049 1542 3131 BR)

369 3261 438 3340 84.
473 3260 593 3339 Porro
627 3258 714 3340 dux
743 3257 930 3340 Andreas
958 3285 983 3339 a
1010 3262 1397 3366 perturbacionibus
1430 3261 1582 3344 hostiur

210 3410 380 3463 securus
414 3382 597 3480 effeetus,
632 3380 670 3459 in
705 3379 815 3484 regia
847 3379 1013 3461 ciuitate
1047 3379 1155 3463 Alba
1193 3384 1371 3488 regalem
1415 3410 1582 3466 eorouar

210 3522 273 3584 est
304 3504 479 3608 adeptus
513 3530 537 3582 a
569 3502 698 3582 trihus
731 3516 892 3582 tanturn
930 3503 1146 3610 episcopis,
1181 3506 1252 3611 qui
1286 3505 1325 3584 in
1361 3507 1429 3586 illa
1460 3534 1582 3613 rnagn

210 3641 344 3730 strage
384 3624 697 3707 eluistianorurn
735 3637 963 3705 euaserant.
1009 3623 1238 3708 Coronatus
1280 3641 1343 3708 est
1385 3655 1493 3708 anno
1540 3630 1582 3709 d<

210 3747 308 3827 rnini
345 3747 561 3828 inillesinro
595 3743 910 3851 quadragesima
942 3746 1131 3852 septimo.
1162 3749 1502 3855 (30b)P1·ooepit
1537 3751 1582 3833 itt

211 3895 292 3975 qno
338 3871 529 3949 uniuerso
571 3866 683 3971 genti
716 3892 790 3945 sue
823 3868 900 3947 sub
933 3894 1042 3973 pena
1079 3870 1264 3977 capitalis
1307 3871 1532 3971 sentencie,
1572 3903 1582 3955 ι

210 3990 396 4096 deposito
437 3989 517 4070 ritu
557 3983 840 4094 paganisrno⁵)
874 3989 987 4093 prius
1029 3990 1087 4072 eis
1128 4018 1336 4093 concesso,
1379 3993 1431 4073 ad
1470 4021 1582 4075 verat

209 4112 332 4192 fidern
368 4123 683 4208 reuerterentur,
711 4126 752 4186 et
777 4108 819 4187 in
844 4110 1037 4192 omnibus
1060 4115 1291 4194 secundnm
1327 4115 1458 4219 legern
1494 4114 1582 4198 illar

209 4233 410 4335 viuerent,
464 4259 588 4339 quarn
642 4244 809 4312 sanctus
863 4258 937 4310 rex
986 4231 1220 4339 Stephanus
1274 4261 1344 4318 eos
1398 4237 1582 4320 docuera

208 4355 395 4437 Leuenta
420 4381 515 4434 vero
542 4353 584 4432 in
613 4352 769 4434 eisdern
796 4350 943 4434 diebus
974 4371 1159 4438 nrortuus
1187 4374 1260 4457 est,
1288 4359 1359 4463 qni
1388 4358 1421 4440 si
1446 4358 1582 4443 (liucir

370 4590 393 4684 ’l
418 4596 560 4667 MUSUssl·
599 4592 635 4665 S·
667 4586 693 4671 ²)
717 4589 854 4663 Victum·
884 4593 919 4664 S.
951 4589 978 4669 3)
1002 4594 1036 4666 in
1074 4596 1213 4670 honore.
1252 4601 1292 4669 B.
1332 4598 1426 4671 Petri
1461 4609 1582 4692 aliast(

207 4721 297 4772 anno
326 4699 422 4795 regni
445 4697 497 4772 sui
517 4695 664 4779 secunda
681 4694 753 4767 rico
770 4694 884 4768 tercio.
906 4697 982 4768 add.
1006 4699 1076 4771 VP.
1100 4697 1126 4774 ⁴)
1151 4702 1200 4773 De
1221 4704 1440 4777 coronacione
1462 4704 1582 4781 Andri

207 4801 299 4897 regis
329 4805 364 4880 S.
396 4800 422 4884 ὁ)
445 4798 692 4896 paganissima.
723 4799 757 4870 S.
