3660 5506
882 378 941 439 u'rl

204 598 301 704 lege
334 598 455 679 nichil
492 597 622 679 roluit
665 610 892 704 aeeoptrun.
927 598 1031 691 (luia
1065 597 1206 700 rigens
1252 623 1368 675 urens
1414 594 1612 675 industria

207 734 252 800 et
278 734 503 825 regnatura
530 719 766 827 prudeueiu,
790 719 1015 799 virtualiter
1041 719 1275 799 dominatur
1307 717 1612 823 gnlrernaoione

207 843 337 947 regni,
370 843 601 925 seeundum
646 842 852 923 racionem
889 855 929 921 et
971 843 1103 947 legem
1150 840 1392 944 diligencius
1436 839 1612 921 eircum-

207 978 366 1073 speeta.
398 965 561 1047 Pollens
595 964 790 1070 regimine
824 964 1020 1063 natmali,
1064 990 1145 1043 non
1188 962 1383 1043 instinctu
1418 961 1612 1064 bumauo,

206 1087 286 1170 sed
320 1087 453 1193 potius
487 1088 648 1189 diuino,
692 1086 753 1168 sui
789 1087 978 1194 desidery
1012 1086 1269 1194 propositum
1304 1084 1355 1164 ad
1390 1084 1465 1164 beo
1500 1085 1612 1165 ineli-

209 1209 339 1312 nuuit,
373 1223 419 1290 ut
450 1237 630 1317 sequens
663 1222 897 1290 sanctorum
923 1237 1063 1313 regum
1090 1209 1425 1314 prodeeussorum
1444 1233 1613 1290 suorum

209 1348 255 1414 et
287 1332 411 1439 patris
443 1333 505 1413 sni
541 1330 730 1435 vestigia,
774 1332 812 1413 in
848 1332 999 1437 quibus
1033 1330 1284 1437 peramplius
1318 1344 1359 1410 et
1392 1329 1613 1436 perl'eetius

209 1455 378 1560 rigebat
410 1455 522 1536 zelus
555 1454 665 1556 lidei,
710 1469 750 1535 et
784 1454 921 1555 religio
955 1454 1189 1551 ebristiana,
1225 1480 1348 1558 mgna
1381 1479 1456 1533 sua
1489 1464 1615 1533 terras

208 1591 254 1657 et
288 1578 496 1658 subiectas
529 1576 605 1659 sibi
639 1577 832 1657 naeiones
867 1577 904 1655 in
939 1577 1023 1657 suis
1059 1576 1312 1656 libertatibus
1351 1575 1615 1655 eonsuetudi-

205 1700 331 1782 nibus
367 1714 406 1779 et
439 1700 599 1803 legibus
633 1698 673 1778 in
694 1700 800 1778 burm
819 1725 920 1805 [ratae
939 1712 979 1777 et
1003 1699 1297 1805 truruptillitate
1327 1697 1614 1797 eonsoruauit,

208 1823 395 1903 maxime
429 1848 532 1929 quas
565 1821 604 1901 in
641 1820 719 1900 lide
751 1821 918 1901 domino
952 1821 1226 1926 regeneratrit,
1262 1837 1300 1899 et
1335 1821 1387 1900 ab
1421 1819 1615 1900 onmibus

207 1945 444 2025 emulorum
499 1944 653 2051 insidys
703 1958 743 2024 et
793 1943 1045 2046 incursibus,
1098 1943 1291 2050 preripue
1348 1969 1613 2049 paganorum,

208 2067 544 2149 victoriosissime
588 2067 831 2148 defensauit.
880 2066 1049 2147 Necnon
1092 2068 1222 2146 eriam
1265 2065 1459 2145 eeclesias
1503 2064 1615 2169 regui

207 2190 278 2272 sui
310 2190 350 2269 in
384 2188 469 2272 suis
503 2189 659 2271 iuribus
694 2202 735 2269 et
768 2189 1024 2271 libertatibus
1059 2189 1211 2290 tenuit,
1263 2208 1301 2268 et
1335 2189 1376 2269 in
1409 2201 1615 2294 tempora·

206 2314 321 2394 libus
356 2312 471 2395 bonis
505 2312 803 2417 augmentanit.

524 2571 611 2671 (De
639 2569 738 2648 vita
764 2569 891 2671 regie
919 2569 1306 2670 contempletiue.)

372 2783 470 2864 219.
504 2782 777 2863 Considerans
810 2796 949 2862 autem
985 2796 1025 2861 et.
1057 2783 1278 2863 aduertens
1311 2811 1436 2888 regna
1469 2811 1544 2865 sua
1578 2796 1619 2863 et

210 2906 400 2986 dominia.
432 2904 637 3012 undique,
686 2933 759 2985 seu
795 2906 1119 3010 eireumrpuupre
1153 2906 1292 3011 ‹prieto
1326 2922 1366 2986 et
1397 2906 1618 3011 tranquille

208 3042 322 3111 statu
336 3028 489 3127 llorere,
509 3027 766 3133 quarnuisex
789 3027 1088 3107 eonsuetudine
1108 3042 1146 3105 et
1163 3027 1444 3107 delectatione
1468 3056 1491 3107 a
1516 3053 1616 3133 pue·

213 3150 314 3231 rieia
345 3150 462 3229 solita
499 3150 744 3229 venationes
778 3149 949 3228 nimium
985 3149 1284 3254 li·etpu.·ntar·et;
1333 3151 1382 3229 ad
1426 3151 1617 3231 ultimum

211 3289 354 3352 tamen
388 3287 640 3352 terrenarum
686 3299 822 3352 rerum
867 3271 1237 3376 oeeupaoionibus,
1293 3298 1396 3376 (pros
1452 3272 1617 3352 difficile

211 3408 280 3475 est
310 3394 467 3500 absque
501 3393 682 3501 peccatis
717 3394 964 3487 ministrare,
1010 3411 1048 3472 et
1083 3394 1190 3475 emis
1226 3395 1486 3500 postpositis,
1520 3423 1617 3474 erm·

212 3516 520 3623 cupisceneiam
556 3517 764 3596 earmtlem
800 3517 958 3597 ealeare
992 3542 1039 3594 ae
1073 3515 1148 3597 sibi
1172 3515 1372 3617 subicere,
1407 3534 1447 3596 et
1469 3516 1619 3596 diuinis

210 3639 422 3747 preceptis
454 3666 599 3745 parere
634 3639 799 3739 rolens3
833 3637 928 3744 (pria
963 3638 1096 3718 onmis
1119 3666 1212 3718 euru
1236 3641 1389 3739 lemtm,
1424 3653 1464 3719 et
1486 3639 1619 3718 omnis

211 3761 549 3868 conrupiseemia
598 3760 685 3842 eius
728 3776 939 3866 tanupram
985 3758 1056 3837 llos
1100 3760 1202 3839 leni:
1252 3761 1618 3869 eonternplatiuam

213 3883 342 3963 vitam
391 3912 413 3964 a
463 3884 644 3965 tumultu
697 3882 970 3963 multitudinis
1021 3882 1232 3961 lmminum
1278 3900 1534 3989 segregatim,
1575 3897 1622 3964 ut

213 4034 294 4114 pys
321 4007 512 4111 operibus
538 4006 741 4103 insistere,
776 4018 816 4084 et
849 4004 1108 4085 macionibus
1144 4032 1287 4085 rorare
1322 4008 1545 4089 studiosius
1580 4024 1621 4086 et

210 4130 415 4209 ‹leuoeius
449 4128 615 4225 valeret,
650 4127 793 4231 elegit;
827 4143 868 4207 et
902 4127 940 4205 in
976 4126 1050 4233 bys
1086 4130 1389 4232 perseuerame

572 4403 655 4494 (De
683 4407 830 4481 morte
859 4401 986 4502 regis
1013 4399 1260 4496 Lodouiei.)

377 4616 474 4701 aet).
509 4616 694 4695 'landem
728 4615 834 4694 bauo
870 4614 992 4694 vitam
1033 4615 1276 4697 lalmriosam
1317 4617 1619 4724 derelinquens,

213 4751 258 4819 et
294 4737 342 4817 ud
380 4739 501 4819 vitam
542 4751 784 4846 perpetuam
829 4737 1035 4845 aspirans,
1087 4739 1202 4819 iuxta
1245 4739 1343 4820 illud
1385 4741 1621 4848 psalmisto:

210 4859 345 4946 Michi
376 4876 513 4945 autem
549 4860 745 4943 adherere
780 4860 857 4941 deo
890 4861 1046 4943 bonum
1081 4878 1158 4967 est,
1191 4888 1346 4972 ponere
1378 4864 1421 4945 in
1454 4862 1621 4947 domino

1483 5015 1519 5071 ‘25
