3660 5506
954 287 996 358 10

898 383 1054 395 n—-

274 516 340 589 cta
372 503 630 591 concorditer
659 505 817 615 placuit
855 504 967 589 omni
1012 506 1123 589 cetui
1165 508 1337 591 ulterius
1370 536 1453 591 non
1487 510 1680 593 incedere

274 656 371 713 cum
402 629 604 714 uxoribus
637 642 678 710 et
718 630 925 713 armentis.
963 628 1068 714 Cum
1110 631 1312 713 uxoribus
1357 632 1465 715 enim
1502 647 1542 715 et
1574 634 1679 740 bigis

273 763 314 833 et
345 752 431 837 suis
463 751 740 836 tabernaculis
773 753 825 833 de
859 752 984 833 natali
1018 753 1105 835 solo
1139 753 1449 837 descenderant.
1487 754 1679 864 Cumque

272 901 321 956 eo
354 888 540 985 tempore
573 874 828 957 Pannoniam
852 874 1136 983 Pamphyliam
1167 876 1355 984 Frygiam
1390 876 1676 961 Macedoniam

272 1012 314 1077 et
353 996 605 1081 Dalmatiam
649 997 854 1078 tetrarcha
895 994 1096 1079 Matrinus
1110 994 1137 1103 ¹)
1183 999 1357 1080 nacione
1398 999 1678 1105 longobardus

270 1119 322 1201 de
355 1119 523 1204 Sabaria
556 1119 755 1202 oriundus
792 1119 1041 1225 gubernaret
1073 1120 1197 1202 armis
1229 1121 1387 1204 bellicis
1421 1121 1676 1226 informatae,

269 1242 410 1325 audito
443 1243 556 1350 quod
587 1240 690 1324 huni
722 1266 849 1349 super
875 1241 1065 1349 Tysciam
1099 1242 1359 1344 resedissent,
1378 1257 1420 1324 et
1451 1244 1501 1324 de
1535 1244 1600 1325 die
1634 1245 1675 1326 in

270 1364 380 1447 diem
413 1365 679 1450 deuastarent
710 1390 883 1469 regnum
919 1363 1019 1465 eius,
1053 1392 1148 1445 cum
1183 1365 1390 1473 alumpuis
1423 1367 1537 1471 regni
1569 1362 1676 1475 sui²)

268 1486 380 1594 ipsos
413 1488 608 1595 egredere
617 1483 649 1595 ³)
667 1485 893 1568 formidans
914 1485 966 1567 ad
988 1485 1194 1569 Romanos
1214 1488 1388 1570 nuncios
1420 1515 1517 1571 suos
1550 1488 1676 1571 desti·

268 1609 396 1713 nauit,
438 1625 586 1719 petens
626 1609 704 1692 sibi
744 1607 946 1690 auxilium
990 1609 1196 1690 comodari
1238 1624 1379 1691 contra
1420 1610 1566 1694 hunos.
1608 1611 1674 1692 Ex

267 1732 404 1838 gracia
436 1731 627 1841 (etenim)
673 1729 949 1813 Romanorum
987 1730 1243 1839 imperatoris
1253 1727 1285 1838 ⁴)
1328 1735 1564 1815 memoratis
1597 1733 1675 1815 im-

266 1856 450 1963 perabat.
494 1854 669 1937 Romani
710 1879 808 1934 vero
850 1879 898 1934 eo
941 1866 1127 1961 tempore
1168 1853 1381 1937 Detricum
1427 1856 1477 1936 de
1510 1855 1676 1938 Verona

266 1977 440 2060 nacione
473 1978 686 2060 almanum
697 1973 728 2084 ⁵)
750 1975 981 2057 voluntarie
1013 1975 1121 2057 inter·
1152 2003 1196 2058 se
1229 2004 1366 2083 regem
1401 1977 1672 2085 prefecerant,

266 2127 392 2209 quem
424 2118 614 2210 petentes
632 2112 679 2184 ut
700 2097 874 2181 llatrino
907 2097 1139 2181 subsidium
1157 2098 1409 2206 importaret,
1427 2100 1496 2180 illo
1529 2115 1669 2183 autem

265 2223 403 2305 animo
435 2223 611 2332 gratanti
642 2236 866 2322 annuente,
885 2247 1073 2326 egressus
1107 2218 1210 2329 est⁶)
1245 2250 1339 2304 cum
1374 2222 1562 2305 exercitu
1594 2223 1670 2304 ita·

263 2345 344 2427 lico
375 2346 612 2454 germanico
644 2372 693 2427 ac
725 2344 813 2454 alys
845 2342 987 2426 mixtis
1027 2344 1220 2449 gentibus
1260 2345 1387 2453 partis
1430 2345 1669 2429 occidentis.

262 2467 456 2550 Peruenit
486 2468 655 2550 tandem
687 2466 729 2548 in
760 2460 992 2572 Zazhalm⁷)
1037 2466 1108 2549 ubi
1142 2466 1220 2574 ipsi
1252 2465 1492 2575 longobardi
1526 2469 1576 2548 ad
1611 2468 1668 2549 ci·

263 2590 437 2673 uitatem
467 2590 761 2674 Potencianam
792 2588 957 2671 fuerant
988 2586 1208 2695 agregati⁸)
1240 2603 1284 2673 ut
1315 2602 1537 2671 tractarent
1569 2618 1665 2672 cum

262 2710 437 2796 Matrino
470 2713 701 2815 consilium,
723 2727 864 2796 utrum
896 2710 1031 2794 hunos
1064 2710 1104 2793 in
1138 2738 1281 2794 eornm
1314 2713 1590 2795 tabernaculis
1622 2713 1666 2795 in

261 2860 337 2920 suo
379 2835 585 2920 descensu
625 2832 916 2918 transmeando
959 2831 1222 2937 Danubium,
1260 2835 1326 2915 vel
1370 2834 1411 2915 in
1454 2834 1533 2917 alio
1575 2835 1666 2918 loco

262 2957 500 3069 conpetenti
532 2957 728 3043 inuadere
761 2966 1009 3065 opporteret.
1041 2955 1088 3037 In
1121 2956 1208 3039 istis
1240 2957 1380 3064 itaque
1414 2958 1591 3067 eonsilys
1624 2971 1667 3039 et

260 3080 503 3165 tractatibus
528 3079 696 3163 Detrico
729 3078 988 3186 Matrinoque
1015 3078 1302 3183 residentibus,
1323 3079 1424 3161 huni
1441 3106 1567 3187 super
1600 3094 1665 3163 ut-

258 3229 325 3288 res
356 3204 489 3287 noctis
520 3203 563 3286 in
594 3202 756 3287 silentio
789 3201 830 3282 in
864 3199 1091 3283 Sicambria
1121 3200 1365 3284 Danubium
1397 3204 1663 3284 transtretan-

259 3342 322 3410 tes
332 3322 363 3436 ⁹)
396 3325 561 3409 Matrini
592 3338 635 3407 et
654 3323 811 3406 Detrici
829 3322 1072 3427 exereitum,
1091 3351 1217 3433 quem
1236 3324 1382 3407 ciuitas
1415 3323 1665 3407 Potenciana

260 3475 409 3560 capere
440 3474 525 3531 non
556 3460 728 3559 poterat,
754 3446 796 3527 in
830 3441 1051 3554 campis¹⁰)
1085 3460 1410 3529 commorantem
1445 3447 1664 3529 crudeliter

258 3572 528 3655 trucidarunt.
568 3570 633 3653 Ex
676 3596 760 3679 qua
800 3568 911 3650 enim
953 3568 1168 3652 inuasione
1212 3569 1403 3652 Detricus
1443 3570 1662 3652 acerbatus

259 3695 392 3779 exiuit
422 3708 565 3779 contra
604 3695 739 3776 hunos
779 3692 823 3772 in
865 3718 1059 3800 campum
1103 3687 1540 3800 Tauarnokuelghy¹¹)
1582 3720 1662 3801 pu·

257 3832 468 3925 gnaturus,
491 3819 562 3926 qui
594 3814 891 3901 committendo
923 3813 1099 3923 prelium
1127 3814 1262 3899 hunos
1283 3816 1413 3898 fertur
1443 3814 1660 3919 deuicisse,

258 3968 355 4023 curn
388 3928 558 4024 suorum
592 3938 775 4023 maximo
808 3936 975 4019 interitu
1008 3948 1049 4017 et
1079 3937 1274 4044 periculo.
1310 3937 1374 4018 Ex
1409 3937 1531 4020 hunis
1563 3964 1661 4019 vero

258 4063 329 4171 qui
361 4076 649 4149 remanserunt
692 4061 888 4168 fugerunt
923 4059 1029 4141 ultra
1070 4059 1271 4168 'l'ysciam
1308 4059 1557 4142 Ceciderunt
1587 4087 1661 4142 an·

415 4393 440 4480 ¹)
464 4393 647 4470 Macrinus.
665 4386 693 4475 ¹)
716 4388 769 4464 sui
797 4388 905 4484 regni.
937 4384 962 4470 ³)
987 4388 1128 4483 aggredi
1149 4390 1218 4463 VP.
1248 4389 1389 4484 aggredi
1417 4387 1654 4463 reformidans.

255 4500 290 4576 S.
321 4495 347 4579 ⁴)
372 4500 406 4574 in
435 4498 571 4597 patriis.
600 4499 640 4572 B.
670 4496 705 4570 S.
736 4489 764 4576 ⁵)
787 4496 991 4568 alamamrnr.
1016 4498 1041 4566 ⁰)
1064 4516 1129 4566 om.
1160 4496 1196 4567 S.
1219 4488 1245 4571 'l
1269 4494 1442 4568 Zazholm.
1472 4495 1542 4568 VP.
1573 4496 1655 4567 Zaa-

252 4605 358 4679 bolin.
397 4606 433 4680 S.
464 4600 492 4689 ⁸)
515 4605 756 4678 conuenerant.
787 4601 856 4673 VP.
897 4602 933 4673 S.
971 4600 1018 4671 fn.
1057 4598 1267 4692 congregati.
1298 4602 1339 4672 B.
1371 4593 1384 4632 ⁹
1424 4604 1654 4673 transeuntes.

253 4710 323 4785 VP.
356 4708 396 4789 ¹⁰)
414 4710 450 4785 in
478 4706 648 4784 tentoriis.
678 4705 756 4780 add.
786 4706 856 4779 VP.
877 4699 918 4785 ¹¹)
938 4704 1170 4797 Tamukuolg.
1195 4705 1263 4778 VP.
1293 4704 1589 4799 Tauaruokuelgy.
1613 4706 1654 4777 Β.

252 4815 530 4915 Tauarnukuolg.
561 4815 597 4887 S.
