3660 5506
899 307 920 374 2

210 518 478 604 beatitudinis
510 547 778 629 possessores,
798 524 888 607 illos
910 536 1049 606 tamen
1075 538 1122 605 ut
1145 522 1278 628 dignis
1311 522 1434 628 digna
1467 550 1615 630 repen-

211 642 292 745 dat,
326 642 562 751 pocioribus
595 644 743 726 attollit
775 646 959 755 insignys
992 645 1252 752 dignitatum.
1288 659 1329 725 et
1362 644 1615 751 premiorum

209 764 399 847 uberiore
432 766 701 849 retributione
734 768 1008 875 prosequitur,
1043 795 1147 875 quos
1181 766 1384 872 digniores
1417 767 1614 872 agnoscit,

210 892 252 966 et
283 888 550 970 commendat
583 889 794 996 ingencior
826 890 1083 972 excellencia
1116 889 1367 991 meritorum,
1388 903 1509 994 prout
1541 916 1615 996 ap-

209 1022 325 1115 paret
369 1010 697 1094 luculentissime
740 1011 783 1092 in
825 1011 1082 1093 excellencia
1125 1039 1268 1116 regunt
1312 1011 1529 1092 illustrium
1575 1028 1617 1091 et

208 1130 477 1213 victoriarum
516 1128 747 1239 exercitn¹)
781 1134 1211 1233 celebratissimarum,
1245 1161 1320 1240 per
1350 1160 1467 1237 reges
1509 1133 1615 1214 lrnn·

207 1278 400 1359 garorum
434 1266 702 1362 patratarum.
737 1255 816 1351 Qui
851 1256 991 1338 diuino
1024 1256 1115 1337 freti
1149 1255 1403 1337 auctoritatis
1437 1255 1613 1361 presidio

207 1374 450 1481 gladiorum,
474 1377 645 1459 aciebus
678 1372 945 1485 p1·olugatis²)
980 1392 1112 1461 castra
1145 1378 1437 1460 subuertentes
1471 1405 1613 1483 regum

208 1510 250 1578 et
291 1496 587 1606 imperatorum
625 1501 751 1581 fortes
792 1499 889 1581 facti
932 1515 1030 1582 sunt
1070 1501 1109 1581 in
1145 1499 1265 1601 bello,
1301 1499 1414 1580 nullo
1457 1499 1611 1580 eisdem

207 1630 378 1727 potente
411 1621 600 1704 resistere
640 1619 979 1729 impugnand0³).
1016 1623 1136 1718 Quod
1169 1624 1277 1705 bone
1310 1622 1541 1703 ostenditur
1572 1620 1612 1701 in

207 1743 335 1825 verbo
369 1742 511 1825 diuino
545 1744 713 1825 oraculo
747 1758 934 1827 exarato:
956 1745 1033 1827 Per
1059 1773 1136 1847 me,
1157 1744 1290 1851 inquit
1322 1744 1437 1845 deus,
1457 1757 1499 1824 et
1530 1771 1614 1824 non

207 1862 359 1948 virtute
392 1865 559 1973 propria
601 1893 718 1973 reges
760 1880 933 1974 regnant
965 1883 1007 1948 et
1046 1868 1279 1973 regnabunt
1322 1866 1613 1972 hungarorum.

207 1984 289 2068 Vbi
321 1985 455 2094 primo
488 1987 631 2072 diuina
664 1989 911 2097 exprimitur
951 1990 1184 2091 auctoritas,
1217 1989 1411 2070 virtutem
1447 1989 1614 2095 insupe-

207 2107 381 2191 rabilem
414 2109 601 2195 allatura.
636 2110 713 2191 Per
746 2139 825 2215 me,
859 2112 1003 2219 inquit,
1032 2113 1102 2220 qni
1136 2139 1227 2193 sum
1263 2111 1424 2192 virtutis
1458 2111 1614 2191 infinite

208 2244 381 2315 cunctos
414 2231 559 2317 valens
591 2233 790 2315 adiuuare
823 2235 1091 2342 presidentes.
1113 2232 1220 2330 Quia
1247 2260 1321 2339 ego
1357 2232 1554 2334 occidam,
1574 2246 1617 2312 et

208 2377 284 2461 ego
317 2354 460 2438 viuere
492 2354 655 2456 faciam,
691 2356 918 2463 percutiam
961 2374 1003 2437 et
1033 2358 1201 2459 sanabo,
1236 2370 1277 2435 et
1321 2383 1403 2437 non
1437 2368 1509 2457 est,
1543 2354 1613 2460 qui

208 2474 260 2557 de
283 2502 410 2559 manu
439 2504 533 2559 mea
553 2477 686 2585 possit
718 2505 874 2581 eruere,
892 2479 1096 2562 suscitans
1130 2478 1181 2558 de
1215 2477 1389 2584 puluere
1423 2505 1614 2583 egenum,

207 2610 255 2680 ut
286 2599 432 2681 sedeat
464 2628 560 2684 cunr
597 2599 864 2707 principibus,
899 2611 941 2681 et
981 2601 1131 2682 solium
1173 2600 1299 2706 glorie
1334 2615 1484 2681 teneat.
1518 2599 1615 2679 Ideo

208 2719 423 2804 subditurz
464 2721 597 2829 Reges
640 2738 824 2827 regnant,
860 2723 931 2831 qui
973 2723 1129 2804 habent
1172 2721 1331 2804 iusticie
1375 2721 1615 2829 equitatem,

209 2841 419 2950 sapiencie
461 2844 703 2947 claritatem,
738 2844 950 2952 paciencie
995 2845 1336 2953 tranquillitatem
1377 2858 1418 2925 et
1460 2843 1616 2925 miseri·

211 2964 349 3047 cordio
380 2965 592 3074 pietatem,
615 2979 834 3048 attestante
856 2993 972 3051 sacro
999 2966 1164 3075 eloquio
1198 2967 1512 3074 prouerbiorum
1545 2965 1617 3045 de·

211 3082 374 3197 cimo⁴).
407 3086 687 3172 Misericordia
719 3104 761 3171 et
792 3089 942 3173 veritas
981 3089 1220 3173 custodiunt
1252 3116 1390 3195 regem
1425 3102 1466 3168 et
1496 3089 1616 3169 robo-

212 3222 325 3293 ratur
357 3209 585 3293 clemencia
627 3226 769 3294 tronus
801 3211 903 3294 eius.
936 3212 988 3293 Et
1020 3213 1168 3294 iterum
1201 3211 1241 3292 in
1275 3211 1355 3292 alio
1396 3211 1487 3292 loco
1520 3209 1619 3290 dicit

212 3331 437 3443 scriptura:
470 3333 560 3414 Rex
593 3333 760 3441 sapiens
793 3335 943 3417 sedens
966 3335 1007 3416 in
1030 3334 1131 3418 solio
1155 3334 1305 3415 intuitu
1338 3360 1413 3415 sno
1447 3331 1620 3438 dissipat

214 3480 338 3537 omne
372 3454 543 3539 malum.
577 3454 629 3536 Et
670 3483 832 3540 rursum
877 3453 1112 3563 Salamon⁵)
1154 3456 1210 3538 ait
1251 3456 1460 3562 sapiencie
1496 3454 1618 3534 ill-o:

213 3576 304 3661 Rex
346 3578 512 3689 sapiens
556 3592 597 3659 et
641 3577 872 3661 misericors
914 3580 1243 3663 stabilimentum
1287 3578 1431 3685 populi
1472 3591 1545 3675 est,
1579 3588 1621 3656 et

216 3698 389 3810 dissipat
412 3699 592 3810 impios,
630 3701 840 3784 subiectos
882 3701 1060 3810 populos
1103 3728 1127 3782 a
1167 3701 1350 3809 tyrannis
1394 3698 1616 3807 eripiendo.

216 3820 337 3917 Quod
369 3823 478 3905 bene
512 3822 708 3930 impletur
730 3823 768 3903 in
799 3824 963 3930 regibus
990 3818 1311 3929 hungaroruml)
1345 3822 1414 3930 qui
1450 3835 1621 3903 cunctos

217 3958 414 4053 tyrannos
454 3945 715 4047 debelland0,
750 3945 927 4053 populos
969 3942 1217 4052 lrnngaros⁷)
1261 3944 1301 4025 in
1343 3943 1621 4052 pulcritudine

218 4068 343 4174 pacis,
378 4068 493 4148 etin
531 4067 672 4173 requie
714 4067 912 4174 opulenta
955 4069 1099 4149 sedere
1137 4080 1420 4176 procurarunt.
1455 4066 1623 4173 Propter

217 4188 308 4293 hoc,
343 4188 441 4297 quia
472 4215 546 4297 pre
578 4188 738 4272 cunctis
778 4189 942 4295 regibus
974 4190 1203 4273 timuerunt
1234 4189 1449 4270 dominum
1483 4188 1621 4270 deum.

218 4311 339 4393 Vnde
372 4311 564 4393 scribitur
596 4311 895 4420 deuteronorny
928 4311 1045 4394 XVII
1084 4312 1277 4420 capitulo,
1310 4312 1486 4418 loquens
1519 4310 1622 4391 dens

383 4612 408 4701 ¹)
437 4606 612 4683 exercitio.
643 4606 713 4679 VP.
749 4600 776 4696 ²)
805 4604 1008 4699 profligatis.
1043 4600 1072 4697 ³)
1100 4604 1134 4678 in
1174 4629 1279 4701 pugn.
1306 4602 1334 4696 ⁴)
1373 4604 1514 4680 Rectius
1552 4606 1622 4678 VP.

220 4715 303 4832 Xll.
325 4715 387 4789 lm
414 4716 527 4789 autem
546 4734 664 4786 vorsus
692 4713 813 4784 28ns,
840 4705 867 4801 ⁵)
888 4733 1005 4785 rursus
1033 4711 1205 4785 Salomon.
1235 4706 1262 4800 ⁶)
1285 4710 1461 4806 hungarie.
1490 4704 1517 4800 ἵ)
1537 4710 1622 4782 hun-

218 4842 328 4917 garta.
