3592 5490
99 114 207 197 citu
241 116 406 222 ingente
442 119 567 226 (aab)
601 122 837 202 transmisit.
872 119 950 215 Qui
997 119 1181 199 eiusdem
1225 118 1388 198 rebellis
1434 143 1525 224 pro-

97 239 297 320 teruiam
340 242 606 344 conterendo,
650 242 786 350 ipsum
834 271 927 325 cum
973 241 1061 348 alys
1103 240 1187 321 suis
1231 239 1525 322 adherentibus

94 387 250 466 regno
272 360 441 443 Croaoie
467 363 667 466 restituto,
701 366 812 472 regie
837 364 1038 446 maiestati
1064 362 1232 443 obedire
1260 375 1301 442 et
1323 388 1368 443 se
1391 361 1526 467 gracie

94 483 367 566 submittere
385 487 688 592 compulerunt,
707 501 748 569 et
766 517 862 571 cnm
882 485 1017 568 leticia
1034 485 1085 565 ad
1099 485 1263 592 propria
1275 495 1525 567 remearunt.

155 742 244 839 (De
272 743 478 824 exercitu
504 750 667 826 contra
693 751 886 828 venetos
914 744 976 826 ad
1002 767 1199 848 reguum
1226 742 1494 836 Dalmaoie.)

284 954 382 1042 175.
428 957 741 1066 Consequenter
783 974 969 1067 tempore
1011 959 1261 1067 procedente
1304 958 1413 1039 idem
1452 984 1525 1037 rex

98 1080 176 1161 ad
211 1080 538 1188 expugnandum
573 1080 786 1164 Dalmacie
820 1110 1006 1188 regnum,
1041 1081 1151 1188 quod
1188 1109 1260 1189 per
1292 1093 1462 1162 venetos
1504 1105 1528 1159 a

103 1203 321 1283 diuturno
349 1215 535 1311 tempore
563 1205 827 1287 detinebatur
853 1215 1116 1312 occupatum,
1145 1203 1376 1285 exercitum
1399 1200 1528 1283 mouit

107 1324 360 1432 copiosum,
409 1339 450 1406 et
498 1353 594 1408 cum
646 1328 785 1409 multis
833 1327 1089 1434 principibus
1141 1325 1528 1433 circumpositorum

107 1472 346 1552 regnorum
382 1474 431 1528 ac
465 1448 690 1532 baronibus
728 1449 926 1532 militibus
960 1463 1000 1529 et
1034 1449 1250 1553 regnicolis
1285 1447 1370 1531 suis
1394 1473 1528 1553 nsque

112 1569 338 1650 ciuitatem
370 1568 630 1652 dadriensem
665 1571 878 1711 peruenit,
902 1598 984 1678 qne
1017 1599 1059 1652 se
1097 1571 1251 1677 prius<
1240 1571 1292 1652 ad
1331 1569 1527 1652 obedien·

116 1692 235 1773 ciam
270 1692 501 1774 reddiderat
485 1695 643 1811 tregie
677 1696 867 1777 maiestat
852 1693 981 1775 rtrlt
967 1693 1122 1800 tquia
1153 1693 1291 1775 veneti
1325 1720 1399 1800 per
1432 1717 1529 1774 suos

117 1814 465 1920 stipendiariost
468 1815 681 1900 eutonicos
715 1817 882 1922 gallicos
918 1833 957 1897 et
990 1815 1057 1896 lat
1031 1833 1137 1897 trnos
1181 1842 1272 1896 eam
1317 1815 1528 1896 ciuitatem

123 1936 388 2039 obsidebant,
422 1952 463 2018 et
495 1954 637 2020 contra
670 1939 801 2046 ipsam
837 1939 1044 2045 quandam
1077 1938 1369 2038 municionem,
1404 1962 1530 2042 quam

124 2057 330 2141 Stioatum
374 2060 642 2167 appellabant
683 2061 958 2161 firmauerant,
1001 2061 1192 2165 gentibus
1235 2059 1444 2165 armigeris
1488 2057 1531 2137 in

127 2182 221 2288 ipsa
261 2181 484 2284 collocatis,
528 2199 570 2264 et
615 2185 788 2267 diuersis
835 2185 1034 2264 machinis
1079 2197 1119 2263 et
1162 2183 1335 2290 ingenys
1377 2180 1530 2262 tamin

128 2304 222 2411 ipsa
253 2304 505 2406 municione,
539 2333 664 2413 qnam
699 2307 827 2388 eciam
872 2307 912 2387 in
955 2306 1081 2411 galeis
1125 2333 1199 2412 per
1243 2331 1354 2385 mare
1399 2304 1529 2410 ipsam

130 2425 343 2506 ciuitatem
376 2426 595 2509 fortissime
630 2431 941 2536 expugnabant.
975 2428 1093 2510 Circa
1134 2455 1258 2535 quam
1304 2427 1414 2507 idem
1458 2451 1529 2505 rex

131 2548 172 2628 in
208 2574 356 2655 campo
390 2577 486 2631 cum
519 2577 595 2631 suo
629 2550 815 2633 exercitu
847 2551 1021 2651 resedit,
1055 2567 1096 2631 et
1129 2549 1329 2632 machinis
1362 2575 1411 2628 ac
1445 2547 1532 2653 alys

131 2670 307 2752 diuersis
340 2671 512 2780 ingenys
549 2672 766 2780 applicatis
809 2686 850 2753 et
891 2673 1036 2754 erectis
1080 2673 1209 2778 ipsam
1253 2670 1533 2752 municionem

133 2812 391 2893 venetorum,
434 2795 578 2876 volens
619 2795 875 2877 obsidionem
919 2795 1047 2902 ipsius
1091 2794 1267 2874 ciuitatis
1308 2790 1534 2874 dadriensis

131 2941 362 3017 remouere,
398 2915 554 2997 fortiter
591 2918 870 3024 expugnabat,
913 2933 953 2997 et
990 2916 1138 2998 milites
1172 2943 1220 2998 ac
1253 2928 1396 3022 gentes
1429 2911 1535 3018 regis

132 3036 340 3120 continuis
374 3037 593 3121 insultibus
622 3040 761 3122 hostes
792 3039 1147 3145 aggrediebantur,
1182 3054 1224 3119 et
1255 3038 1453 3119 acerrime
1484 3033 1534 3115 ad

133 3159 315 3242 inuicem
349 3187 531 3268 pugnam
563 3161 890 3243 committebant.
924 3159 976 3240 Et
1005 3161 1102 3267 quia
1131 3161 1267 3243 hostes
1300 3161 1406 3242 intra
1445 3187 1537 3239 mu-

133 3281 340 3364 nicionem
376 3296 494 3365 erant
515 3283 711 3383 conclusi,
756 3312 830 3391 per
867 3284 973 3364 ictus
1006 3283 1246 3365 balistarum
1292 3283 1444 3365 multos
1487 3279 1538 3360 de

132 3419 257 3511 gente
285 3404 392 3510 regis
412 3406 706 3507 vulnerabant,
736 3424 776 3486 et
803 3406 932 3486 eciam
964 3419 1106 3509 gentes
1151 3406 1360 3514 usquead
1395 3429 1535 3487 muros

134 3528 517 3635 appropinquantes
548 3529 646 3636 ipsis
670 3529 780 3609 vices
802 3528 1096 3636 rependebant.
1131 3529 1183 3609 Et
1215 3557 1309 3611 cum
1340 3540 1536 3637 opportu-

134 3650 306 3731 nitatem
339 3653 574 3757 captabant,
619 3652 726 3731 clam
758 3667 901 3755 gentes
930 3668 1171 3732 venetorum
1212 3652 1263 3733 de
1301 3650 1537 3733 municione

134 3773 273 3855 subito
290 3800 464 3878 egresse,
492 3803 586 3856 cum
607 3773 804 3855 militibus
832 3789 873 3853 et
900 3773 1093 3876 gentibus
1128 3775 1231 3878 regis
1270 3773 1533 3865 dimicabant,

135 3911 176 3975 et
205 3923 257 3976 ex
285 3912 465 4004 utraque
501 3914 615 4005 parte
645 3895 764 3975 multi
797 3895 1056 3975 corruebant.
1104 3895 1182 3977 Ubi
1221 3897 1350 3976 eciam
1385 3890 1538 3975 strenui

135 4017 298 4118 milites,
320 4017 634 4100 Bartlrolomeus
663 4018 769 4098 lilius
791 4018 1005 4123 Laurency
1034 4018 1150 4120 loth,
1181 4034 1222 4098 et
1207 4017 1295 4098 ιΗι
1288 4043 1419 4098 nsan(
1407 4014 1542 4095 ‹wtufe

135 4140 369 4222 teutonicus
403 4140 453 4221 de
487 4157 578 4249 prtn
581 4170 602 4221 e
630 4141 734 4244 regis
769 4139 809 4219 in
843 4166 983 4276 pugna
1021 4141 1169 4221 mortui
1200 4157 1297 4221 sunt
1335 4153 1376 4218 t
1405 4162 1541 4217 ocersr

134 4259 334 4357 Quamuis
377 4277 517 4346 autern
556 4264 764 4345 exercitus
802 4261 907 4367 regis
944 4261 995 4342 ad
1049 4260 1420 4370 expugnandam
1401 4286 1542 4397 ipsam

134 4385 415 4468 municionem
434 4385 593 4469 fortiter
608 4384 907 4487 laborassent,
899 4410 987 4495 ipsa
1010 4415 1047 4468 m
1072 4399 1213 4467 tamen
1240 4386 1337 4495 quia
1370 4381 1546 4465 nimium

1411 4607 1445 4665 ta
