<?xml version="1.0" encoding="UTF-8"?>
<!DOCTYPE html PUBLIC "-//W3C//DTD XHTML 1.0 Transitional//EN"
    "http://www.w3.org/TR/xhtml1/DTD/xhtml1-transitional.dtd">
<html xmlns="http://www.w3.org/1999/xhtml" xml:lang="en" lang="en">
 <head>
  <title>
</title>
<meta http-equiv="Content-Type" content="text/html;charset=utf-8" />
  <meta name='ocr-system' content='tesseract 3.04.00' />
  <meta name='ocr-capabilities' content='ocr_page ocr_carea ocr_par ocr_line ocrx_word'/>
</head>
<body>
  <div class='ocr_page' id='page_1' title='image "./chronicondubnic00florgoog_0238.png"; bbox 0 0 3592 5490; ppageno 0'>
   <div class='ocr_carea' id='block_1_1' title="bbox 875 338 1030 439">
    <p class='ocr_par' dir='ltr' id='par_1_1' title="bbox 875 338 1030 439">
     <span class='ocr_line' id='line_1_1' title="bbox 875 338 1030 439; baseline 0 -36"><span class='ocrx_word' id='word_1_1' title='bbox 875 338 1030 439; x_wconf 34' lang='lat' dir='ltr'>jus„</span> 
     </span>
    </p>
   </div>
   <div class='ocr_carea' id='block_1_2' title="bbox 152 548 1666 2249">
    <p class='ocr_par' dir='ltr' id='par_1_2' title="bbox 152 548 1666 2249">
     <span class='ocr_line' id='line_1_2' title="bbox 254 548 1662 659; baseline 0 -27"><span class='ocrx_word' id='word_1_2' title='bbox 254 548 452 658; x_wconf 86' lang='lat' dir='ltr'>Sequenti</span> <span class='ocrx_word' id='word_1_3' title='bbox 484 577 593 633; x_wconf 90' lang='lat' dir='ltr'>anuo</span> <span class='ocrx_word' id='word_1_4' title='bbox 616 550 823 658; x_wconf 79' lang='lat' dir='ltr'>percussis</span> <span class='ocrx_word' id='word_1_5' title='bbox 845 553 1054 635; x_wconf 91' lang='lat' dir='ltr'>nobilibus</span> <span class='ocrx_word' id='word_1_6' title='bbox 1088 552 1199 659; x_wconf 84' lang='lat' dir='ltr'>regni</span> <span class='ocrx_word' id='word_1_7' title='bbox 1233 552 1450 634; x_wconf 89' lang='lat' dir='ltr'>interdicto</span> <span class='ocrx_word' id='word_1_8' title='bbox 1485 565 1525 633; x_wconf 91' lang='lat' dir='ltr'>et</span> <span class='ocrx_word' id='word_1_9' title='bbox 1557 577 1662 633; x_wconf 85' lang='lat' dir='ltr'>ana·</span> 
     </span>
     <span class='ocr_line' id='line_1_3' title="bbox 152 673 1662 781; baseline 0.002 -30"><span class='ocrx_word' id='word_1_10' title='bbox 152 746 155 751; x_wconf 85' lang='lat'><em>.</em></span> <span class='ocrx_word' id='word_1_11' title='bbox 253 674 554 776; x_wconf 87' lang='lat' dir='ltr'>themisatieue,</span> <span class='ocrx_word' id='word_1_12' title='bbox 573 674 770 780; x_wconf 90' lang='lat' dir='ltr'>quoniam</span> <span class='ocrx_word' id='word_1_13' title='bbox 788 674 876 755; x_wconf 86' lang='lat' dir='ltr'>iura</span> <span class='ocrx_word' id='word_1_14' title='bbox 907 675 1059 781; x_wconf 78' lang='lat' dir='ltr'>regalia</span> <span class='ocrx_word' id='word_1_15' title='bbox 1092 676 1289 756; x_wconf 90' lang='lat' dir='ltr'>nolebant</span> <span class='ocrx_word' id='word_1_16' title='bbox 1321 673 1538 756; x_wconf 83' lang='lat' dir='ltr'>restituere</span> <span class='ocrx_word' id='word_1_17' title='bbox 1572 674 1662 780; x_wconf 86' lang='lat' dir='ltr'>regi</span> 
     </span>
     <span class='ocr_line' id='line_1_4' title="bbox 254 796 1663 906; baseline 0.001 -30"><span class='ocrx_word' id='word_1_18' title='bbox 254 796 417 899; x_wconf 79' lang='lat' dir='ltr'>KarolO,</span> <span class='ocrx_word' id='word_1_19' title='bbox 450 796 686 879; x_wconf 89' lang='lat' dir='ltr'>Ladislaum</span> <span class='ocrx_word' id='word_1_20' title='bbox 720 796 849 877; x_wconf 90' lang='lat' dir='ltr'>eciam</span> <span class='ocrx_word' id='word_1_21' title='bbox 883 796 1142 906; x_wconf 87' lang='lat' dir='ltr'>Wayuodam</span> <span class='ocrx_word' id='word_1_22' title='bbox 1177 797 1584 898; x_wconf 83' lang='lat' dir='ltr'>excommunicabat,</span> <span class='ocrx_word' id='word_1_23' title='bbox 1609 822 1663 877; x_wconf 91' lang='lat' dir='ltr'>eo</span> 
     </span>
     <span class='ocr_line' id='line_1_5' title="bbox 256 916 1664 1027; baseline 0.001 -28"><span class='ocrx_word' id='word_1_24' title='bbox 256 918 365 1025; x_wconf 91' lang='lat' dir='ltr'>quod</span> <span class='ocrx_word' id='word_1_25' title='bbox 402 944 593 999; x_wconf 87' lang='lat' dir='ltr'>coronam</span> <span class='ocrx_word' id='word_1_26' title='bbox 628 918 794 1023; x_wconf 86' lang='lat' dir='ltr'>regiam,</span> <span class='ocrx_word' id='word_1_27' title='bbox 828 946 954 1026; x_wconf 88' lang='lat' dir='ltr'>quam</span> <span class='ocrx_word' id='word_1_28' title='bbox 987 919 1128 1001; x_wconf 84' lang='lat' dir='ltr'>Ottoni</span> <span class='ocrx_word' id='word_1_29' title='bbox 1161 919 1310 1027; x_wconf 90' lang='lat' dir='ltr'>eripuit</span> <span class='ocrx_word' id='word_1_30' title='bbox 1343 919 1558 1001; x_wconf 88' lang='lat' dir='ltr'>detineret.</span> <span class='ocrx_word' id='word_1_31' title='bbox 1580 916 1664 1000; x_wconf 86' lang='lat' dir='ltr'>Ca·</span> 
     </span>
     <span class='ocr_line' id='line_1_6' title="bbox 256 1041 1663 1150; baseline 0 -29"><span class='ocrx_word' id='word_1_32' title='bbox 256 1041 410 1122; x_wconf 86' lang='lat' dir='ltr'>dauera</span> <span class='ocrx_word' id='word_1_33' title='bbox 441 1055 579 1122; x_wconf 85' lang='lat' dir='ltr'>autem</span> <span class='ocrx_word' id='word_1_34' title='bbox 614 1041 901 1123; x_wconf 82' lang='lat' dir='ltr'>defunctorum</span> <span class='ocrx_word' id='word_1_35' title='bbox 948 1057 1066 1123; x_wconf 83' lang='lat' dir='ltr'>extra</span> <span class='ocrx_word' id='word_1_36' title='bbox 1098 1042 1339 1150; x_wconf 85' lang='lat' dir='ltr'>eymitlreria</span> <span class='ocrx_word' id='word_1_37' title='bbox 1371 1041 1564 1122; x_wconf 86' lang='lat' dir='ltr'>iacebant</span> <span class='ocrx_word' id='word_1_38' title='bbox 1594 1041 1663 1121; x_wconf 91' lang='lat' dir='ltr'>in·</span> 
     </span>
     <span class='ocr_line' id='line_1_7' title="bbox 257 1161 1664 1271; baseline -0.001 -26"><span class='ocrx_word' id='word_1_39' title='bbox 257 1164 432 1271; x_wconf 88' lang='lat' dir='ltr'>sepulta.</span> <span class='ocrx_word' id='word_1_40' title='bbox 465 1162 695 1244; x_wconf 88' lang='lat' dir='ltr'>Perturbati</span> <span class='ocrx_word' id='word_1_41' title='bbox 727 1161 878 1268; x_wconf 85' lang='lat' dir='ltr'>Vngari</span> <span class='ocrx_word' id='word_1_42' title='bbox 917 1191 1025 1245; x_wconf 92' lang='lat' dir='ltr'>auno</span> <span class='ocrx_word' id='word_1_43' title='bbox 1068 1164 1223 1244; x_wconf 92' lang='lat' dir='ltr'>domini</span> <span class='ocrx_word' id='word_1_44' title='bbox 1266 1161 1453 1244; x_wconf 84' lang='lat' dir='ltr'>MCCCX</span> <span class='ocrx_word' id='word_1_45' title='bbox 1485 1190 1664 1269; x_wconf 85' lang='lat' dir='ltr'>congre-</span> 
     </span>
     <span class='ocr_line' id='line_1_8' title="bbox 247 1285 1662 1393; baseline -0.001 -26"><span class='ocrx_word' id='word_1_46' title='bbox 247 1299 461 1392; x_wconf 82' lang='lat' dir='ltr'>¹generunt</span> <span class='ocrx_word' id='word_1_47' title='bbox 492 1314 536 1368; x_wconf 90' lang='lat' dir='ltr'>se</span> <span class='ocrx_word' id='word_1_48' title='bbox 575 1285 683 1366; x_wconf 89' lang='lat' dir='ltr'>circa</span> <span class='ocrx_word' id='word_1_49' title='bbox 725 1286 858 1389; x_wconf 84' lang='lat' dir='ltr'>l‘esth,</span> <span class='ocrx_word' id='word_1_50' title='bbox 892 1300 933 1366; x_wconf 93' lang='lat' dir='ltr'>et</span> <span class='ocrx_word' id='word_1_51' title='bbox 965 1287 1162 1368; x_wconf 88' lang='lat' dir='ltr'>Karolum</span> <span class='ocrx_word' id='word_1_52' title='bbox 1204 1286 1450 1393; x_wconf 86' lang='lat' dir='ltr'>productum</span> <span class='ocrx_word' id='word_1_53' title='bbox 1486 1312 1662 1367; x_wconf 90' lang='lat' dir='ltr'>concor·</span> 
     </span>
     <span class='ocr_line' id='line_1_9' title="bbox 257 1404 1664 1515; baseline 0.001 -27"><span class='ocrx_word' id='word_1_54' title='bbox 257 1408 361 1489; x_wconf 88' lang='lat' dir='ltr'>diter</span> <span class='ocrx_word' id='word_1_55' title='bbox 393 1408 664 1515; x_wconf 82' lang='lat' dir='ltr'>suscipientes</span> <span class='ocrx_word' id='word_1_56' title='bbox 698 1404 847 1489; x_wconf 86' lang='lat' dir='ltr'>Albam</span> <span class='ocrx_word' id='word_1_57' title='bbox 882 1422 1221 1515; x_wconf 80' lang='lat' dir='ltr'>properauerunt,</span> <span class='ocrx_word' id='word_1_58' title='bbox 1249 1421 1289 1488; x_wconf 89' lang='lat' dir='ltr'>et</span> <span class='ocrx_word' id='word_1_59' title='bbox 1320 1406 1376 1491; x_wconf 91' lang='lat' dir='ltr'>ibi</span> <span class='ocrx_word' id='word_1_60' title='bbox 1410 1435 1506 1489; x_wconf 91' lang='lat' dir='ltr'>eum</span> <span class='ocrx_word' id='word_1_61' title='bbox 1541 1434 1664 1489; x_wconf 87' lang='lat' dir='ltr'>coro·</span> 
     </span>
     <span class='ocr_line' id='line_1_10' title="bbox 256 1530 1661 1637; baseline 0.001 -27"><span class='ocrx_word' id='word_1_62' title='bbox 256 1545 464 1611; x_wconf 88' lang='lat' dir='ltr'>nauerunt</span> <span class='ocrx_word' id='word_1_63' title='bbox 495 1559 590 1611; x_wconf 91' lang='lat' dir='ltr'>cum</span> <span class='ocrx_word' id='word_1_64' title='bbox 624 1543 767 1610; x_wconf 87' lang='lat' dir='ltr'>sancta</span> <span class='ocrx_word' id='word_1_65' title='bbox 808 1558 957 1611; x_wconf 85' lang='lat' dir='ltr'>corona</span> <span class='ocrx_word' id='word_1_66' title='bbox 992 1532 1071 1612; x_wconf 88' lang='lat' dir='ltr'>iam</span> <span class='ocrx_word' id='word_1_67' title='bbox 1106 1531 1262 1637; x_wconf 85' lang='lat' dir='ltr'>pridem</span> <span class='ocrx_word' id='word_1_68' title='bbox 1307 1557 1380 1637; x_wconf 89' lang='lat' dir='ltr'>per</span> <span class='ocrx_word' id='word_1_69' title='bbox 1419 1530 1661 1612; x_wconf 85' lang='lat' dir='ltr'>Ladislaum</span> 
     </span>
     <span class='ocr_line' id='line_1_11' title="bbox 256 1650 1665 1761; baseline 0.001 -28"><span class='ocrx_word' id='word_1_70' title='bbox 256 1650 514 1761; x_wconf 81' lang='lat' dir='ltr'>Wayuodam</span> <span class='ocrx_word' id='word_1_71' title='bbox 549 1653 748 1733; x_wconf 88' lang='lat' dir='ltr'>restituta.</span> <span class='ocrx_word' id='word_1_72' title='bbox 787 1653 940 1733; x_wconf 72' lang='lat' dir='ltr'>eodem</span> <span class='ocrx_word' id='word_1_73' title='bbox 975 1681 1082 1734; x_wconf 85' lang='lat' dir='ltr'>anno</span> <span class='ocrx_word' id='word_1_74' title='bbox 1126 1653 1319 1734; x_wconf 83' lang='lat' dir='ltr'>Clemens</span> <span class='ocrx_word' id='word_1_75' title='bbox 1362 1679 1470 1761; x_wconf 84' lang='lat' dir='ltr'>papa</span> <span class='ocrx_word' id='word_1_76' title='bbox 1513 1676 1665 1759; x_wconf 85' lang='lat' dir='ltr'>passa·</span> 
     </span>
     <span class='ocr_line' id='line_1_12' title="bbox 255 1774 1666 1881; baseline -0.002 -24"><span class='ocrx_word' id='word_1_77' title='bbox 255 1775 369 1880; x_wconf 82' lang='lat' dir='ltr'>glum</span> <span class='ocrx_word' id='word_1_78' title='bbox 411 1775 602 1881; x_wconf 84' lang='lat' dir='ltr'>generale</span> <span class='ocrx_word' id='word_1_79' title='bbox 645 1774 794 1855; x_wconf 78' lang='lat' dir='ltr'>indixit</span> <span class='ocrx_word' id='word_1_80' title='bbox 834 1776 883 1856; x_wconf 89' lang='lat' dir='ltr'>ad</span> <span class='ocrx_word' id='word_1_81' title='bbox 929 1775 1218 1858; x_wconf 83' lang='lat' dir='ltr'>debellandam</span> <span class='ocrx_word' id='word_1_82' title='bbox 1264 1790 1412 1856; x_wconf 86' lang='lat' dir='ltr'>terram</span> <span class='ocrx_word' id='word_1_83' title='bbox 1456 1788 1666 1876; x_wconf 84' lang='lat' dir='ltr'>sanctam,</span> 
     </span>
     <span class='ocr_line' id='line_1_13' title="bbox 256 1896 1666 2006; baseline 0.001 -27"><span class='ocrx_word' id='word_1_84' title='bbox 256 1912 297 1979; x_wconf 91' lang='lat' dir='ltr'>et</span> <span class='ocrx_word' id='word_1_85' title='bbox 331 1898 400 2006; x_wconf 90' lang='lat' dir='ltr'>qui</span> <span class='ocrx_word' id='word_1_86' title='bbox 418 1898 640 2005; x_wconf 88' lang='lat' dir='ltr'>pecuniam</span> <span class='ocrx_word' id='word_1_87' title='bbox 676 1897 934 2001; x_wconf 82' lang='lat' dir='ltr'>largiebatur,</span> <span class='ocrx_word' id='word_1_88' title='bbox 953 1900 1005 1980; x_wconf 85' lang='lat' dir='ltr'>ab</span> <span class='ocrx_word' id='word_1_89' title='bbox 1024 1898 1216 1979; x_wconf 90' lang='lat' dir='ltr'>omnibus</span> <span class='ocrx_word' id='word_1_90' title='bbox 1250 1896 1489 1978; x_wconf 87' lang='lat' dir='ltr'>criminibus</span> <span class='ocrx_word' id='word_1_91' title='bbox 1522 1924 1666 2004; x_wconf 87' lang='lat' dir='ltr'>usque</span> 
     </span>
     <span class='ocr_line' id='line_1_14' title="bbox 255 2018 1666 2125; baseline 0.001 -25"><span class='ocrx_word' id='word_1_92' title='bbox 255 2019 291 2100; x_wconf 91' lang='lat' dir='ltr'>V</span> <span class='ocrx_word' id='word_1_93' title='bbox 310 2046 440 2101; x_wconf 86' lang='lat' dir='ltr'>armos</span> <span class='ocrx_word' id='word_1_94' title='bbox 474 2020 654 2103; x_wconf 85' lang='lat' dir='ltr'>debebat</span> <span class='ocrx_word' id='word_1_95' title='bbox 686 2020 857 2102; x_wconf 87' lang='lat' dir='ltr'>absolui.</span> <span class='ocrx_word' id='word_1_96' title='bbox 892 2018 972 2100; x_wconf 85' lang='lat' dir='ltr'>Sed</span> <span class='ocrx_word' id='word_1_97' title='bbox 994 2022 1045 2101; x_wconf 90' lang='lat' dir='ltr'>de</span> <span class='ocrx_word' id='word_1_98' title='bbox 1069 2035 1182 2101; x_wconf 89' lang='lat' dir='ltr'>tanto</span> <span class='ocrx_word' id='word_1_99' title='bbox 1200 2019 1393 2101; x_wconf 86' lang='lat' dir='ltr'>thesauro</span> <span class='ocrx_word' id='word_1_100' title='bbox 1411 2033 1666 2125; x_wconf 84' lang='lat' dir='ltr'>congregato</span> 
     </span>
     <span class='ocr_line' id='line_1_15' title="bbox 255 2141 917 2249; baseline 0.002 -28"><span class='ocrx_word' id='word_1_101' title='bbox 255 2143 312 2221; x_wconf 92' lang='lat' dir='ltr'>nil</span> <span class='ocrx_word' id='word_1_102' title='bbox 344 2143 537 2225; x_wconf 83' lang='lat' dir='ltr'>effectum</span> <span class='ocrx_word' id='word_1_103' title='bbox 573 2158 634 2222; x_wconf 88' lang='lat' dir='ltr'>est</span> <span class='ocrx_word' id='word_1_104' title='bbox 666 2141 706 2220; x_wconf 92' lang='lat' dir='ltr'>in</span> <span class='ocrx_word' id='word_1_105' title='bbox 743 2170 784 2222; x_wconf 89' lang='lat' dir='ltr'>re</span> <span class='ocrx_word' id='word_1_106' title='bbox 818 2143 917 2249; x_wconf 86' lang='lat' dir='ltr'>ipsa.</span> 
     </span>
    </p>
   </div>
   <div class='ocr_carea' id='block_1_3' title="bbox 582 2412 1344 2521">
    <p class='ocr_par' dir='ltr' id='par_1_3' title="bbox 582 2412 1344 2521">
     <span class='ocr_line' id='line_1_16' title="bbox 582 2412 1344 2521; baseline 0.004 -26"><span class='ocrx_word' id='word_1_107' title='bbox 582 2417 749 2519; x_wconf 74' lang='lat' dir='ltr'>Pugna</span> <span class='ocrx_word' id='word_1_108' title='bbox 775 2417 940 2497; x_wconf 79' lang='lat' dir='ltr'>Karoli</span> <span class='ocrx_word' id='word_1_109' title='bbox 968 2438 1110 2521; x_wconf 84' lang='lat' dir='ltr'>prope</span> <span class='ocrx_word' id='word_1_110' title='bbox 1139 2412 1344 2498; x_wconf 65' lang='lat' dir='ltr'>casnm.</span> 
     </span>
    </p>
   </div>
   <div class='ocr_carea' id='block_1_4' title="bbox 257 2624 1667 3104">
    <p class='ocr_par' dir='ltr' id='par_1_4' title="bbox 257 2624 1667 3104">
     <span class='ocr_line' id='line_1_17' title="bbox 415 2624 1667 2712; baseline -0.001 -1"><span class='ocrx_word' id='word_1_111' title='bbox 415 2624 483 2711; x_wconf 82' lang='lat'>67.</span> <span class='ocrx_word' id='word_1_112' title='bbox 532 2632 653 2710; x_wconf 85' lang='lat' dir='ltr'>Anno</span> <span class='ocrx_word' id='word_1_113' title='bbox 695 2630 848 2710; x_wconf 86' lang='lat' dir='ltr'>dommi</span> <span class='ocrx_word' id='word_1_114' title='bbox 891 2628 1115 2711; x_wconf 76' lang='lat' dir='ltr'>lldedxll</span> <span class='ocrx_word' id='word_1_115' title='bbox 1160 2659 1231 2710; x_wconf 84' lang='lat' dir='ltr'>rex</span> <span class='ocrx_word' id='word_1_116' title='bbox 1277 2630 1452 2712; x_wconf 77' lang='lat' dir='ltr'>llarolus</span> <span class='ocrx_word' id='word_1_117' title='bbox 1496 2628 1667 2710; x_wconf 84' lang='lat' dir='ltr'>obsedit</span> 
     </span>
     <span class='ocr_line' id='line_1_18' title="bbox 258 2749 1664 2859; baseline -0.001 -25"><span class='ocrx_word' id='word_1_118' title='bbox 258 2767 437 2835; x_wconf 89' lang='lat' dir='ltr'>castrum</span> <span class='ocrx_word' id='word_1_119' title='bbox 471 2752 735 2859; x_wconf 65' lang='lat' dir='ltr'>serusque]</span> <span class='ocrx_word' id='word_1_120' title='bbox 773 2751 1007 2833; x_wconf 84' lang='lat' dir='ltr'>llemetrius</span> <span class='ocrx_word' id='word_1_121' title='bbox 1040 2753 1156 2833; x_wconf 85' lang='lat' dir='ltr'>iussu</span> <span class='ocrx_word' id='word_1_122' title='bbox 1191 2752 1341 2833; x_wconf 83' lang='lat' dir='ltr'>llatlrei</span> <span class='ocrx_word' id='word_1_123' title='bbox 1376 2749 1510 2856; x_wconf 82' lang='lat' dir='ltr'>magni</span> <span class='ocrx_word' id='word_1_124' title='bbox 1545 2751 1664 2856; x_wconf 89' lang='lat' dir='ltr'>prin·</span> 
     </span>
     <span class='ocr_line' id='line_1_19' title="bbox 258 2871 1665 2983; baseline -0.002 -27"><span class='ocrx_word' id='word_1_125' title='bbox 258 2875 359 2983; x_wconf 90' lang='lat' dir='ltr'>cipis</span> <span class='ocrx_word' id='word_1_126' title='bbox 407 2875 629 2956; x_wconf 83' lang='lat' dir='ltr'>‹letinebut</span> <span class='ocrx_word' id='word_1_127' title='bbox 683 2874 871 2956; x_wconf 81' lang='lat' dir='ltr'>lllatlreus</span> <span class='ocrx_word' id='word_1_128' title='bbox 920 2875 1031 2955; x_wconf 86' lang='lat' dir='ltr'>misit</span> <span class='ocrx_word' id='word_1_129' title='bbox 1071 2876 1110 2954; x_wconf 91' lang='lat' dir='ltr'>in</span> <span class='ocrx_word' id='word_1_130' title='bbox 1161 2875 1409 2955; x_wconf 84' lang='lat' dir='ltr'>adiutorium</span> <span class='ocrx_word' id='word_1_131' title='bbox 1459 2871 1665 2981; x_wconf 81' lang='lat' dir='ltr'>Demetry</span> 
     </span>
     <span class='ocr_line' id='line_1_20' title="bbox 257 2994 1666 3104; baseline -0.001 -26"><span class='ocrx_word' id='word_1_132' title='bbox 257 3024 380 3078; x_wconf 88' lang='lat' dir='ltr'>omne</span> <span class='ocrx_word' id='word_1_133' title='bbox 420 3024 546 3079; x_wconf 89' lang='lat' dir='ltr'>suum</span> <span class='ocrx_word' id='word_1_134' title='bbox 588 3024 730 3103; x_wconf 87' lang='lat' dir='ltr'>posse,</span> <span class='ocrx_word' id='word_1_135' title='bbox 773 3011 819 3078; x_wconf 95' lang='lat' dir='ltr'>ut</span> <span class='ocrx_word' id='word_1_136' title='bbox 862 3026 934 3076; x_wconf 83' lang='lat' dir='ltr'>rex</span> <span class='ocrx_word' id='word_1_137' title='bbox 976 2997 1116 3104; x_wconf 88' lang='lat' dir='ltr'>procul</span> <span class='ocrx_word' id='word_1_138' title='bbox 1160 2997 1356 3104; x_wconf 79' lang='lat' dir='ltr'>pellatur,</span> <span class='ocrx_word' id='word_1_139' title='bbox 1401 2994 1666 3103; x_wconf 86' lang='lat' dir='ltr'>principibus</span> 
     </span>
    </p>
   </div>
   <div class='ocr_carea' id='block_1_5' title="bbox 258 3119 1786 3223">
    <p class='ocr_par' dir='ltr' id='par_1_5' title="bbox 258 3119 1786 3223">
     <span class='ocr_line' id='line_1_21' title="bbox 258 3119 1786 3223; baseline -0.003 -21"><span class='ocrx_word' id='word_1_140' title='bbox 258 3120 352 3202; x_wconf 90' lang='lat' dir='ltr'>belli</span> <span class='ocrx_word' id='word_1_141' title='bbox 387 3119 583 3200; x_wconf 81' lang='lat' dir='ltr'>ordinatis</span> <span class='ocrx_word' id='word_1_142' title='bbox 625 3119 809 3214; x_wconf 76' lang='lat' dir='ltr'>Quorum</span> <span class='ocrx_word' id='word_1_143' title='bbox 856 3120 1086 3200; x_wconf 87' lang='lat' dir='ltr'>aduentum</span> <span class='ocrx_word' id='word_1_144' title='bbox 1129 3119 1302 3200; x_wconf 82' lang='lat' dir='ltr'>arrdiens</span> <span class='ocrx_word' id='word_1_145' title='bbox 1342 3147 1428 3216; x_wconf 83' lang='lat' dir='ltr'>rex,</span> <span class='ocrx_word' id='word_1_146' title='bbox 1462 3131 1582 3223; x_wconf 83' lang='lat' dir='ltr'>putat</span> <span class='ocrx_word' id='word_1_147' title='bbox 1618 3147 1667 3199; x_wconf 90' lang='lat' dir='ltr'>se</span> <span class='ocrx_word' id='word_1_148' title='bbox 1783 3196 1786 3205; x_wconf 88' lang='grc'>,</span> 
     </span>
    </p>
   </div>
   <div class='ocr_carea' id='block_1_6' title="bbox 254 3239 1666 4816">
    <p class='ocr_par' dir='ltr' id='par_1_6' title="bbox 256 3239 1666 4081">
     <span class='ocr_line' id='line_1_22' title="bbox 256 3239 1665 3349; baseline -0.001 -27"><span class='ocrx_word' id='word_1_149' title='bbox 256 3270 339 3322; x_wconf 91' lang='lat' dir='ltr'>uon</span> <span class='ocrx_word' id='word_1_150' title='bbox 374 3270 495 3349; x_wconf 84' lang='lat' dir='ltr'>posse</span> <span class='ocrx_word' id='word_1_151' title='bbox 529 3241 728 3341; x_wconf 87' lang='lat' dir='ltr'>resistere;</span> <span class='ocrx_word' id='word_1_152' title='bbox 763 3243 801 3322; x_wconf 91' lang='lat' dir='ltr'>in</span> <span class='ocrx_word' id='word_1_153' title='bbox 836 3240 965 3347; x_wconf 80' lang='lat' dir='ltr'>Sepes</span> <span class='ocrx_word' id='word_1_154' title='bbox 998 3272 1042 3322; x_wconf 87' lang='lat' dir='ltr'>sc</span> <span class='ocrx_word' id='word_1_155' title='bbox 1068 3241 1234 3349; x_wconf 85' lang='lat' dir='ltr'>recepit.</span> <span class='ocrx_word' id='word_1_156' title='bbox 1270 3239 1450 3322; x_wconf 89' lang='lat' dir='ltr'>Demum</span> <span class='ocrx_word' id='word_1_157' title='bbox 1475 3239 1514 3318; x_wconf 91' lang='lat' dir='ltr'>in</span> <span class='ocrx_word' id='word_1_158' title='bbox 1550 3240 1665 3321; x_wconf 83' lang='lat' dir='ltr'>valle</span> 
     </span>
     <span class='ocr_line' id='line_1_23' title="bbox 257 3362 1665 3469; baseline -0.002 -24"><span class='ocrx_word' id='word_1_159' title='bbox 257 3365 568 3469; x_wconf 80' lang='lat' dir='ltr'>congredientes</span> <span class='ocrx_word' id='word_1_160' title='bbox 612 3364 764 3444; x_wconf 87' lang='lat' dir='ltr'>bellum</span> <span class='ocrx_word' id='word_1_161' title='bbox 808 3364 1072 3445; x_wconf 86' lang='lat' dir='ltr'>durissimum</span> <span class='ocrx_word' id='word_1_162' title='bbox 1117 3382 1179 3445; x_wconf 88' lang='lat' dir='ltr'>est</span> <span class='ocrx_word' id='word_1_163' title='bbox 1220 3363 1500 3459; x_wconf 85' lang='lat' dir='ltr'>commissum,</span> <span class='ocrx_word' id='word_1_164' title='bbox 1534 3362 1665 3467; x_wconf 89' lang='lat' dir='ltr'>quale</span> 
     </span>
     <span class='ocr_line' id='line_1_24' title="bbox 257 3482 1665 3594; baseline -0.001 -27"><span class='ocrx_word' id='word_1_165' title='bbox 257 3514 282 3567; x_wconf 92' lang='lat' dir='ltr'>a</span> <span class='ocrx_word' id='word_1_166' title='bbox 315 3502 501 3594; x_wconf 87' lang='lat' dir='ltr'>tempore</span> <span class='ocrx_word' id='word_1_167' title='bbox 536 3502 777 3567; x_wconf 83' lang='lat' dir='ltr'>tartarorum</span> <span class='ocrx_word' id='word_1_168' title='bbox 811 3514 894 3566; x_wconf 92' lang='lat' dir='ltr'>nou</span> <span class='ocrx_word' id='word_1_169' title='bbox 928 3502 990 3567; x_wconf 88' lang='lat' dir='ltr'>est</span> <span class='ocrx_word' id='word_1_170' title='bbox 1018 3487 1151 3567; x_wconf 88' lang='lat' dir='ltr'>visum</span> <span class='ocrx_word' id='word_1_171' title='bbox 1185 3486 1227 3566; x_wconf 89' lang='lat' dir='ltr'>in</span> <span class='ocrx_word' id='word_1_172' title='bbox 1260 3484 1480 3589; x_wconf 80' lang='lat' dir='ltr'>Hungaria.</span> <span class='ocrx_word' id='word_1_173' title='bbox 1499 3482 1547 3562; x_wconf 88' lang='lat' dir='ltr'>ln</span> <span class='ocrx_word' id='word_1_174' title='bbox 1575 3510 1665 3590; x_wconf 91' lang='lat' dir='ltr'>quo</span> 
     </span>
     <span class='ocr_line' id='line_1_25' title="bbox 257 3606 1665 3712; baseline -0.001 -22"><span class='ocrx_word' id='word_1_175' title='bbox 257 3608 369 3691; x_wconf 90' lang='lat' dir='ltr'>bello</span> <span class='ocrx_word' id='word_1_176' title='bbox 403 3609 555 3688; x_wconf 80' lang='lat' dir='ltr'>vexillo</span> <span class='ocrx_word' id='word_1_177' title='bbox 591 3609 694 3712; x_wconf 81' lang='lat' dir='ltr'>regis</span> <span class='ocrx_word' id='word_1_178' title='bbox 729 3609 974 3708; x_wconf 80' lang='lat' dir='ltr'>cadente,et</span> <span class='ocrx_word' id='word_1_179' title='bbox 1003 3609 1141 3689; x_wconf 89' lang='lat' dir='ltr'>multis</span> <span class='ocrx_word' id='word_1_180' title='bbox 1177 3608 1387 3689; x_wconf 88' lang='lat' dir='ltr'>nobilibus</span> <span class='ocrx_word' id='word_1_181' title='bbox 1421 3606 1665 3706; x_wconf 64' lang='lat' dir='ltr'>interiectis</span> 
     </span>
     <span class='ocr_line' id='line_1_26' title="bbox 257 3728 1666 3838; baseline -0.002 -25"><span class='ocrx_word' id='word_1_182' title='bbox 257 3733 337 3813; x_wconf 89' lang='lat' dir='ltr'>sub</span> <span class='ocrx_word' id='word_1_183' title='bbox 375 3731 527 3811; x_wconf 82' lang='lat' dir='ltr'>vexillo</span> <span class='ocrx_word' id='word_1_184' title='bbox 571 3732 863 3811; x_wconf 78' lang='lat' dir='ltr'>errrciteromm</span> <span class='ocrx_word' id='word_1_185' title='bbox 903 3759 975 3810; x_wconf 84' lang='lat' dir='ltr'>rex</span> <span class='ocrx_word' id='word_1_186' title='bbox 1017 3731 1240 3837; x_wconf 82' lang='lat' dir='ltr'>pugnabat.</span> <span class='ocrx_word' id='word_1_187' title='bbox 1273 3729 1337 3810; x_wconf 83' lang='lat' dir='ltr'>Ex</span> <span class='ocrx_word' id='word_1_188' title='bbox 1372 3743 1488 3838; x_wconf 85' lang='lat' dir='ltr'>parte</span> <span class='ocrx_word' id='word_1_189' title='bbox 1531 3728 1666 3810; x_wconf 85' lang='lat' dir='ltr'>altera</span> 
     </span>
     <span class='ocr_line' id='line_1_27' title="bbox 257 3849 1664 3955; baseline -0.002 -22"><span class='ocrx_word' id='word_1_190' title='bbox 257 3853 378 3935; x_wconf 91' lang='lat' dir='ltr'>multi</span> <span class='ocrx_word' id='word_1_191' title='bbox 417 3852 592 3933; x_wconf 89' lang='lat' dir='ltr'>letaliter</span> <span class='ocrx_word' id='word_1_192' title='bbox 634 3854 805 3935; x_wconf 84' lang='lat' dir='ltr'>sauciati</span> <span class='ocrx_word' id='word_1_193' title='bbox 849 3853 1106 3955; x_wconf 81' lang='lat' dir='ltr'>ceciderunt,</span> <span class='ocrx_word' id='word_1_194' title='bbox 1143 3879 1190 3933; x_wconf 88' lang='lat' dir='ltr'>ac</span> <span class='ocrx_word' id='word_1_195' title='bbox 1233 3851 1291 3934; x_wconf 90' lang='lat' dir='ltr'>sie</span> <span class='ocrx_word' id='word_1_196' title='bbox 1332 3880 1406 3932; x_wconf 79' lang='lat' dir='ltr'>ren</span> <span class='ocrx_word' id='word_1_197' title='bbox 1445 3849 1664 3932; x_wconf 75' lang='lat' dir='ltr'>victoria-m</span> 
     </span>
     <span class='ocr_line' id='line_1_28' title="bbox 256 3974 623 4081; baseline -0.008 -24"><span class='ocrx_word' id='word_1_198' title='bbox 256 3975 401 4057; x_wconf 90' lang='lat' dir='ltr'>habuit</span> <span class='ocrx_word' id='word_1_199' title='bbox 436 3974 623 4081; x_wconf 85' lang='lat' dir='ltr'>gloriose.</span> 
     </span>
    </p>

    <p class='ocr_par' dir='ltr' id='par_1_7' title="bbox 254 4095 1665 4816">
     <span class='ocr_line' id='line_1_29' title="bbox 412 4095 1665 4204; baseline -0.002 -26"><span class='ocrx_word' id='word_1_200' title='bbox 412 4099 480 4178; x_wconf 84' lang='grc'>68.</span> <span class='ocrx_word' id='word_1_201' title='bbox 515 4096 637 4177; x_wconf 88' lang='lat' dir='ltr'>Anno</span> <span class='ocrx_word' id='word_1_202' title='bbox 672 4095 894 4177; x_wconf 83' lang='lat' dir='ltr'>MCCCXV</span> <span class='ocrx_word' id='word_1_203' title='bbox 927 4096 1053 4176; x_wconf 84' lang='lat' dir='ltr'>illaria</span> <span class='ocrx_word' id='word_1_204' title='bbox 1086 4097 1220 4204; x_wconf 87' lang='lat' dir='ltr'>prima</span> <span class='ocrx_word' id='word_1_205' title='bbox 1259 4122 1365 4177; x_wconf 83' lang='lat' dir='ltr'>uxor</span> <span class='ocrx_word' id='word_1_206' title='bbox 1401 4096 1541 4177; x_wconf 88' lang='lat' dir='ltr'>Karoli</span> <span class='ocrx_word' id='word_1_207' title='bbox 1571 4121 1665 4175; x_wconf 90' lang='lat' dir='ltr'>mo·</span> 
     </span>
     <span class='ocr_line' id='line_1_30' title="bbox 254 4217 1663 4326; baseline -0.003 -25"><span class='ocrx_word' id='word_1_208' title='bbox 254 4220 355 4301; x_wconf 86' lang='lat' dir='ltr'>ritur</span> <span class='ocrx_word' id='word_1_209' title='bbox 382 4221 423 4301; x_wconf 94' lang='lat' dir='ltr'>in</span> <span class='ocrx_word' id='word_1_210' title='bbox 449 4219 692 4321; x_wconf 70' lang='lat' dir='ltr'>&#39;l&#39;emeswan</span> <span class='ocrx_word' id='word_1_211' title='bbox 720 4234 760 4298; x_wconf 94' lang='lat' dir='ltr'>et</span> <span class='ocrx_word' id='word_1_212' title='bbox 789 4221 827 4298; x_wconf 92' lang='lat' dir='ltr'>iu</span> <span class='ocrx_word' id='word_1_213' title='bbox 864 4220 971 4299; x_wconf 82' lang='lat' dir='ltr'>Alba</span> <span class='ocrx_word' id='word_1_214' title='bbox 1003 4221 1210 4326; x_wconf 81' lang='lat' dir='ltr'>sepelitur.</span> <span class='ocrx_word' id='word_1_215' title='bbox 1251 4222 1373 4299; x_wconf 78' lang='lat' dir='ltr'>Anne</span> <span class='ocrx_word' id='word_1_216' title='bbox 1415 4217 1549 4299; x_wconf 91' lang='lat' dir='ltr'>XVlll</span> <span class='ocrx_word' id='word_1_217' title='bbox 1585 4244 1663 4297; x_wconf 83' lang='lat' dir='ltr'>rex</span> 
     </span>
     <span class='ocr_line' id='line_1_31' title="bbox 255 4338 1664 4446; baseline -0.001 -23"><span class='ocrx_word' id='word_1_218' title='bbox 255 4343 376 4425; x_wconf 84' lang='lat' dir='ltr'>duxit</span> <span class='ocrx_word' id='word_1_219' title='bbox 417 4342 644 4423; x_wconf 89' lang='lat' dir='ltr'>Beatrlcem</span> <span class='ocrx_word' id='word_1_220' title='bbox 693 4341 815 4422; x_wconf 87' lang='lat' dir='ltr'>liliam</span> <span class='ocrx_word' id='word_1_221' title='bbox 864 4342 968 4446; x_wconf 83' lang='lat' dir='ltr'>regis</span> <span class='ocrx_word' id='word_1_222' title='bbox 1013 4369 1297 4442; x_wconf 85' lang='lat' dir='ltr'>romanorum,</span> <span class='ocrx_word' id='word_1_223' title='bbox 1332 4367 1513 4422; x_wconf 86' lang='lat' dir='ltr'>sorerem</span> <span class='ocrx_word' id='word_1_224' title='bbox 1554 4338 1664 4444; x_wconf 81' lang='lat' dir='ltr'>regis</span> 
     </span>
     <span class='ocr_line' id='line_1_32' title="bbox 256 4462 1663 4569; baseline -0.005 -23"><span class='ocrx_word' id='word_1_225' title='bbox 256 4465 528 4547; x_wconf 89' lang='lat' dir='ltr'>bohemorum</span> <span class='ocrx_word' id='word_1_226' title='bbox 567 4465 617 4543; x_wconf 92' lang='lat' dir='ltr'>de</span> <span class='ocrx_word' id='word_1_227' title='bbox 657 4480 762 4545; x_wconf 90' lang='lat' dir='ltr'>terra</span> <span class='ocrx_word' id='word_1_228' title='bbox 803 4464 1139 4569; x_wconf 81' lang='lat' dir='ltr'>Lucelburgensi,</span> <span class='ocrx_word' id='word_1_229' title='bbox 1193 4490 1275 4569; x_wconf 88' lang='lat' dir='ltr'>que</span> <span class='ocrx_word' id='word_1_230' title='bbox 1317 4462 1501 4543; x_wconf 63' lang='lat' dir='ltr'>mondum</span> <span class='ocrx_word' id='word_1_231' title='bbox 1549 4488 1663 4542; x_wconf 87' lang='lat' dir='ltr'>anne</span> 
     </span>
     <span class='ocr_line' id='line_1_33' title="bbox 255 4583 1661 4696; baseline -0.005 -27"><span class='ocrx_word' id='word_1_232' title='bbox 255 4589 395 4696; x_wconf 86' lang='lat' dir='ltr'>elapso</span> <span class='ocrx_word' id='word_1_233' title='bbox 424 4587 674 4669; x_wconf 89' lang='lat' dir='ltr'>obdormiuit</span> <span class='ocrx_word' id='word_1_234' title='bbox 705 4587 743 4666; x_wconf 92' lang='lat' dir='ltr'>iu</span> <span class='ocrx_word' id='word_1_235' title='bbox 774 4586 952 4687; x_wconf 88' lang='lat' dir='ltr'>domine,</span> <span class='ocrx_word' id='word_1_236' title='bbox 980 4601 1021 4666; x_wconf 89' lang='lat' dir='ltr'>et</span> <span class='ocrx_word' id='word_1_237' title='bbox 1044 4585 1092 4666; x_wconf 82' lang='lat' dir='ltr'>W</span> <span class='ocrx_word' id='word_1_238' title='bbox 1096 4586 1251 4666; x_wconf 82' lang='lat' dir='ltr'>aradini</span> <span class='ocrx_word' id='word_1_239' title='bbox 1275 4585 1485 4691; x_wconf 89' lang='lat' dir='ltr'>sepelitur.</span> <span class='ocrx_word' id='word_1_240' title='bbox 1498 4583 1661 4665; x_wconf 83' lang='lat' dir='ltr'>Eodem</span> 
     </span>
     <span class='ocr_line' id='line_1_34' title="bbox 255 4704 1661 4816; baseline -0.004 -25"><span class='ocrx_word' id='word_1_241' title='bbox 255 4739 363 4792; x_wconf 91' lang='lat' dir='ltr'>anne</span> <span class='ocrx_word' id='word_1_242' title='bbox 394 4737 465 4791; x_wconf 83' lang='lat' dir='ltr'>rex</span> <span class='ocrx_word' id='word_1_243' title='bbox 497 4710 599 4790; x_wconf 82' lang='lat' dir='ltr'>texit</span> <span class='ocrx_word' id='word_1_244' title='bbox 631 4708 849 4790; x_wconf 86' lang='lat' dir='ltr'>eeclesiam</span> <span class='ocrx_word' id='word_1_245' title='bbox 871 4708 1097 4789; x_wconf 81' lang='lat' dir='ltr'>Albensem</span> <span class='ocrx_word' id='word_1_246' title='bbox 1125 4709 1310 4816; x_wconf 68' lang='lat' dir='ltr'>plumbo</span> <span class='ocrx_word' id='word_1_247' title='bbox 1335 4706 1544 4789; x_wconf 88' lang='lat' dir='ltr'>testudine</span> <span class='ocrx_word' id='word_1_248' title='bbox 1570 4704 1661 4811; x_wconf 80' lang='lat' dir='ltr'>glo·</span> 
     </span>
    </p>
   </div>
   <div class='ocr_carea' id='block_1_7' title="bbox 255 4831 1083 4918">
    <p class='ocr_par' dir='ltr' id='par_1_8' title="bbox 255 4831 1083 4918">
     <span class='ocr_line' id='line_1_35' title="bbox 255 4831 1083 4918; baseline -0.006 0"><span class='ocrx_word' id='word_1_249' title='bbox 255 4837 361 4918; x_wconf 89' lang='lat' dir='ltr'>riosa</span> <span class='ocrx_word' id='word_1_250' title='bbox 392 4834 637 4916; x_wconf 88' lang='lat' dir='ltr'>decorando.</span> <span class='ocrx_word' id='word_1_251' title='bbox 675 4832 847 4914; x_wconf 87' lang='lat' dir='ltr'>Moritur</span> <span class='ocrx_word' id='word_1_252' title='bbox 881 4831 1083 4915; x_wconf 87' lang='lat' dir='ltr'>llatheus.</span> 
     </span>
    </p>
   </div>
   <div class='ocr_carea' id='block_1_8' title="bbox 0 0 1800 5490">
    <p class='ocr_par' dir='ltr' id='par_1_9' title="bbox 0 0 1800 5490">
     <span class='ocr_line' id='line_1_36' title="bbox 0 0 1800 5490; baseline 0 0"><span class='ocrx_word' id='word_1_253' title='bbox 0 0 1800 5490; x_wconf 95' lang='lat' dir='ltr'> </span> 
     </span>
    </p>
   </div>
  </div>
 </body>
</html>
