3592 5490
810 386 965 488 -ros—

184 620 228 684 et
273 603 501 685 Bohemie:
551 616 760 711 postremo
799 617 1018 684 coronatus
1050 599 1179 681 Rome
1212 601 1251 682 in
1286 600 1589 707 imperatorem.

181 722 291 833 Obyt
323 741 464 808 autern
497 752 605 807 anno
640 727 794 808 domini
828 724 1047 807 millesimo
1082 721 1488 831 quadringentesimo
1520 720 1591 803 tri·

183 849 339 929 cesimo
371 847 563 956 septimo,
598 849 716 931 etatis
749 875 824 930 sne
857 874 966 929 anno
998 846 1303 954 septuagesimo
1336 845 1469 952 primo
1479 907 1490 946 ,
1525 869 1589 926 se-

182 969 410 1078 pultusque
441 969 483 1052 in
517 970 693 1053 eeclesia
725 968 996 1052 Waradiensi.

484 1226 569 1321 (De
597 1227 894 1309 eoronetlone
923 1227 1051 1329 regis
1078 1223 1292 1325 Alberti.)

337 1439 437 1521 223.
469 1439 566 1521 Post
582 1468 720 1545 regern
741 1440 1051 1545 Sigisnrundurn
1082 1439 1239 1520 electus
1266 1436 1344 1518 fuit
1373 1436 1414 1517 in
1448 1461 1587 1541 regem

178 1559 376 1642 eilbertus
408 1562 497 1643 dux
531 1563 695 1645 Austrie
728 1589 855 1666 gener
888 1563 1016 1668 ipsius
1061 1561 1100 1641 in
1142 1561 1328 1640 fauorem
1373 1556 1584 1638 Elizabeth

177 1681 259 1762 filie
293 1682 477 1765 eiusdem
505 1682 767 1790 Sigisnrnndi‚
802 1685 944 1765 uxoris
977 1680 1324 1764 seilicetAlberti.
1358 1676 1483 1788 (oth)
1507 1678 1584 1760 Co-

178 1819 433 1912 ronatusque
465 1806 544 1886 fnit
575 1805 615 1886 in
651 1807 716 1887 die
735 1805 1068 1886 Cirenrneisionis
1092 1804 1246 1885 domini
1271 1829 1379 1883 anno
1398 1802 1584 1883 eiusdem

178 1926 401 2007 millesimo
437 1928 841 2034 quadringentesimo
874 1928 1080 2009 tricesimo
1113 1940 1272 2007 octauo.
1306 1924 1357 2004 Et
1399 1923 1585 2031 regnauit

174 2074 284 2128 anno
320 2075 401 2129 nno
435 2068 476 2129 et
509 2051 721 2132 mensibus
755 2050 913 2149 dooern,
949 2064 1155 2155 natusque
1189 2062 1251 2129 est
1284 2046 1320 2127 ei
1344 2045 1582 2153 filinspost·

177 2169 328 2250 hunius
361 2169 576 2254 Ladizlons
609 2172 790 2252 nornine.
825 2173 936 2281 onyt
968 2184 1107 2251 autern
1142 2170 1182 2251 in
1217 2168 1354 2274 vigilia
1391 2166 1582 2277 Symonis

175 2305 215 2371 et
245 2291 355 2372 dude
389 2319 497 2373 anno
530 2293 685 2373 dornini
708 2294 926 2375 rnitlesirno
945 2292 1354 2400 quadringentesimo
1373 2289 1581 2371 tricesimo

176 2440 295 2517 nono
328 2414 517 2521 sepultus
551 2415 589 2495 in
627 2416 733 2496 Alba
766 2415 902 2519 regali.

176 2684 256 2772 (De
276 2689 569 2769 oorountione
585 2689 713 2791 regis
731 2688 942 2769 Ladizlei
964 2688 1113 2792 quinti
1129 2686 1213 2789 ssly
1237 2689 1366 2791 reg-ts
1384 2683 1580 2784 Atheni,

172 2813 218 2885 et
253 2807 480 2911 quomodo
509 2809 901 3011 vladizlnrpdrerp
940 2810 1128 3032 Pplouie
1168 2807 1229 2888 nd
1268 2805 1581 2890 ooronnndum

763 2956 793 3010 u
826 2954 884 3011 uo
901 2939 990 3012 tur.

330 3143 429 3223 224.
479 3143 638 3224 Mortuo
690 3144 859 3227 Alberto
912 3145 1109 3226 remansit
1166 3142 1377 3223 Eiizabeth
1435 3141 1576 3245 regina

137 3265 389 3346 contueris
423 3264 511 3347 eius
554 3294 779 3372 pregnans,
828 3284 869 3349 et
903 3269 1165 3348 nesciebatur
1198 3266 1326 3345 filiurn
1361 3290 1412 3344 an
1448 3262 1573 3342 filiurn

129 3399 279 3468 esset
322 3387 513 3494 paritura.
566 3388 730 3468 interint
767 3391 910 3495 prelati
946 3404 987 3469 et
1020 3391 1195 3469 barones
1230 3387 1452 3486 miserunt,
1503 3412 1575 3491 pro

128 3489 394 3591 wladislao
428 3535 521 3614 rege
554 3509 732 3592 Polonie.
770 3511 848 3591 Sed
873 3527 1096 3617 autequarn
1126 3509 1212 3617 ipse
1235 3509 1574 3608 introduceretur,

123 3631 330 3737 peperit
362 3630 491 3713 filiurn
527 3631 783 3734 Ladizlaunr,
819 3647 859 3712 et
891 3632 1140 3713 contradixit
1173 3630 1361 3712 electioni
1395 3629 1446 3708 de
1482 3655 1574 3733 rege

118 3733 336 3832 polonie
384 3754 512 3856 facte,
562 3767 603 3834 et
651 3755 834 3836 coronari
878 3756 976 3835 feeit
1009 3754 1245 3835 Lndizlnrnn
1290 3777 1464 3858 puerum
1505 3750 1574 3829 tri·

120 3885 377 3955 ¹mestrem.
412 3874 711 3957 Niohilorninus
744 3875 938 3958 inductus
970 3878 1047 3957 snit
1073 3874 1321 3956 Wlndislnus
1355 3899 1428 3952 rex
1456 3871 1574 3951 Polo·

116 3998 232 4078 ¹1ie
268 4012 572 4103 coronatusque
606 4024 756 4078 corona
789 3999 879 4100 ulia,
906 3999 958 4078 de
991 3998 1125 4106 eapite
1151 3996 1415 4105 reliquiarum
1443 3993 1576 4075 sancti

108 4103 367 4223 Stephani
409 4133 558 4198 sunna.
609 4118 769 4213 Quibus
814 4120 963 4202 habitis
1002 4121 1141 4224 regina
1173 4119 1408 4199 Ledizlonrn
1443 4114 1573 4196 filiurn

107 4238 292 4321 ⁸&inrui
336 4267 431 4319 ourn
474 4265 626 4320 corona
658 4242 771 4346 regni
807 4243 973 4323 tradidit
1004 4243 1053 4323 nd
1092 4268 1238 4323 manus
1272 4238 1464 4320 Frideriei
1497 4235 1587 4317 Ro·-

113 4372 387 4444 ¹1rnnorurn
429 4362 533 4467 regis
576 4377 617 4442 et
659 4361 776 4445 ducis
819 4365 997 4450 Austrie.
1049 4363 1252 4467 Regnanit
1298 4377 1436 4473 autern
1487 4358 1575 4465 ipse

118 4464 420 4565 wladislaus
452 4483 493 4563 in
527 4483 782 4566 dissensione
816 4487 929 4592 regni
964 4512 1094 4568 annos
1127 4511 1255 4593 prope
1288 4499 1486 4591 quatn0r3
1535 4495 1575 4561 et

115 4587 202 4687 in
242 4604 353 4686 belin
387 4619 529 4685 eontra
561 4604 716 4688 aneos
750 4606 867 4689 iuxta
903 4609 1023 4716 (oea)
1067 4635 1180 4688 inore
1221 4633 1349 4714 prope
1393 4619 1573 4686 oestrum

124 4711 305 4808 Varna
355 4740 475 4834 peryt
522 4752 631 4808 anno
666 4729 835 4811 dornini
894 4731 1110 4813 urillesinro
1168 4725 1572 4836 quadringentesimo

125 4847 487 4960 quadragesimo
531 4864 691 4953 quarto.
741 4850 815 4932 Hie
858 4851 933 4932 fuit
968 4853 1158 4960 princeps
1191 4850 1356 4957 optinris
1391 4849 1572 4929 rnoribns
