3660 5506
912 306 954 379 58

232 537 393 606 suetam
436 523 760 635 persoluerent¹)
804 530 1069 635 pensionem:
1113 527 1146 611 si
1183 553 1279 608 vero
1321 526 1509 634 polonus,
1544 541 1640 609 tan·

232 649 448 729 tummodo
481 649 632 730 damna
664 649 790 733 fleret.
818 650 923 733 Cum
956 651 1079 756 igitur
1110 663 1193 731 tam
1220 648 1364 758 Myska
1386 650 1471 731 dux
1506 676 1640 756 quarn

230 769 299 878 fily
333 771 421 852 eius
453 771 665 852 horrerent
697 772 880 854 duellum
916 761 1127 855 assumere
1160 771 1413 878 impositum,
1437 771 1536 852 Bela
1568 798 1639 853 se·

230 892 366 998 ipsum
399 921 475 1000 per
504 888 672 1001 ve1·ba²)
711 895 943 1003 interpretis
976 895 1016 976 in
1059 894 1240 974 medium
1274 893 1541 975 introducens
1573 893 1639 975 sic

229 1014 414 1096 dicebat:
449 1014 489 1095 Si
521 1017 639 1098 vobis
673 1018 832 1123 polonis
859 1030 901 1098 et
927 1017 1094 1097 domino
1127 1015 1222 1095 duci
1257 1014 1403 1121 placet,
1439 1016 1639 1122 quamuis

228 1135 304 1217 sim
337 1137 513 1219 nobilior
546 1166 671 1245 quam
706 1166 890 1245 paganus
917 1139 997 1240 ille,
1019 1153 1156 1218 tamen
1181 1138 1375 1244 pugnabo
1409 1163 1481 1244 pro
1517 1137 1637 1241 regui

227 1259 352 1341 vestri
396 1261 614 1342 commodo
656 1276 697 1341 et
730 1261 883 1342 honore
927 1260 1081 1342 domini
1126 1259 1255 1340 ducis.
1291 1258 1446 1340 Placuit
1490 1258 1636 1366 itaque

227 1394 311 1461 tam
344 1378 634 1490 pornoranis³),
663 1411 787 1489 quarn
820 1383 991 1490 polonia.
1015 1381 1205 1488 Cumque
1233 1380 1378 1461 armati
1411 1407 1505 1462 cum
1541 1380 1636 1462 lan·

227 1530 302 1584 cea
332 1532 376 1587 se
409 1505 655 1605 innuissent,
679 1519 762 1586 tam
797 1506 964 1587 viriliter
990 1515 1261 1613 pomoramn'n
1297 1504 1425 1583 fertur
1457 1501 1557 1583 Bela
1578 1503 1635 1584 de

226 1652 301 1707 suo
335 1622 583 1734 dextrariol)
617 1628 851 1728 detrusisse,
876 1643 921 1711 ut
948 1628 998 1706 de
1032 1627 1122 1706 loco
1155 1652 1231 1707 sno
1265 1651 1309 1706 se
1344 1651 1511 1706 mouere
1546 1652 1633 1707 non

225 1748 371 1853 potuit,
413 1764 454 1829 et
496 1749 630 1854 gladio
672 1752 903 1856 perfossum
947 1748 1183 1856 prostrauit,
1227 1748 1527 1852 confessusque
1568 1761 1637 1827 est

225 1869 313 1976 ipse
346 1870 434 1951 dux
477 1897 727 1978 pomoranus
767 1900 812 1954 se
856 1872 1119 1978 culpabilem.
1160 1869 1251 1964 Quo
1285 1868 1370 1950 viso
1413 1870 1633 1974 pomorani

225 1990 321 2073 duci
355 1992 520 2073 Polonie
554 1993 763 2074 humiliter
794 1995 960 2095 subditi,
981 1993 1147 2075 solitum
1173 1990 1494 2072 tributum-sine
1530 2017 1634 2072 con·

225 2112 466 2195 tradictione
498 2117 798 2222 persoluenmt.
824 2115 923 2196 llux
947 2143 1045 2198 nero
1078 2114 1172 2194 inde
1206 2108 1495 2218 conuertens⁵)
1531 2141 1632 2194 cum

223 2233 433 2342 victoria⁶)
460 2236 672 2343 acquisita,
696 2238 911 2320 audaciam
946 2253 987 2318 et
1018 2235 1253 2345 potenciam
1273 2234 1422 2336 valoris
1454 2233 1493 2313 in
1530 2234 1636 2316 Bela

223 2356 329 2438 duce
374 2359 627 2461 collaudans,
661 2388 755 2440 curn
799 2375 884 2441 toto
929 2387 1057 2442 censu
1091 2356 1355 2465 pomorauico
1389 2355 1424 2435 ei
1458 2357 1634 2438 tradidit

223 2479 348 2559 filiam
381 2507 498 2562 suam
534 2481 575 2560 in
618 2508 805 2583 uxorem,
840 2498 882 2562 et
915 2482 1109 2564 uniuersa
1150 2507 1231 2586 que
1272 2477 1349 2560 sibi
1394 2479 1634 2560 necessaria

220 2601 385 2683 fueraut
416 2602 669 2684 sufficienter
702 2618 742 2684 et
774 2605 939 2712 copiose
973 2600 1190 2684 ministrari
1224 2599 1420 2708 precepit,
1450 2614 1490 2679 et
1525 2629 1628 2683 enin

223 2721 262 2802 in
296 2723 488 2807 omnibus
512 2725 755 2806 honoratum
780 2727 820 2807 in
843 2727 997 2808 ducatu
1020 2752 1095 2807 suo
1120 2723 1262 2824 tenuit,
1281 2749 1329 2802 ac
1357 2721 1466 2801 bona
1489 2748 1631 2827 quau·

220 2845 335 2927 titate
369 2847 420 2926 de
454 2859 560 2928 terra
593 2848 771 2929 eundem
807 2848 1034 2929 hereditare
1067 2874 1149 2929 non
1184 2838 1403 2951 obmisit7).

674 3138 761 3239 (De
788 3139 905 3219 Bela
931 3137 1061 3219 duce.
1089 3135 1168 3236 83)

375 3350 443 3432 80.
466 3350 565 3431 Bela
582 3378 678 3433 vero
696 3352 782 3433 dux
806 3353 893 3460 ipse
916 3353 955 3432 in
980 3349 1147 3432 Polonia
1168 3349 1272 3430 duos
1294 3347 1399 3430 filios
1420 3343 1626 3454 genum),

217 3495 392 3576 quornm
422 3500 529 3554 unus
557 3473 726 3581 Geycha
750 3474 853 3556 alter
879 3467 1085 3580 autem¹⁰)
1113 3470 1326 3553 Ladislaus
1353 3468 1523 3551 nornine
1551 3472 1626 3553 aui

215 3591 279 3673 sui
306 3605 369 3674 est
394 3609 576 3676 vocatus.
612 3595 832 3702 Displicnit
863 3609 1003 3677 antem
1037 3594 1172 3674 Endre
1208 3608 1249 3673 et
1273 3592 1469 3691 Leuente,
1502 3593 1623 3698 quod

214 3739 289 3819 per
324 3714 467 3796 Belam
506 3717 616 3823 apud
656 3718 805 3799 ducem
845 3718 1010 3799 Polonie
1050 3714 1168 3824 quasi
1200 3713 1452 3821 appendices
1486 3712 1622 3820 dege·

215 3849 317 3935 rent,
360 3836 653 3944 dedignatione
694 3855 791 3921 snut
832 3839 1047 3921 occasione
1089 3836 1153 3920 sni
1197 3834 1373 3917 nominis
1415 3834 1454 3914 in
1494 3834 1623 3920 ducis

215 3957 328 4036 curia
368 3986 623 4064 permanere.
656 3961 708 4040 Et
740 3977 911 4068 accepta
943 3988 967 4042 a
998 3961 1104 4042 duce
1147 3957 1321 4038 licencia
1353 3956 1454 4037 Bela
1485 3956 1622 4041 tratre

212 4104 287 4159 suo
322 4079 474 4161 ibidem
507 4083 648 4163 relicto
683 4100 828 4165 euntes
862 4097 1065 4164 venerunt
1098 4082 1148 4161 ad
1182 4107 1320 4185 regem
1354 4078 1622 4182 Lodomeric,

212 4201 282 4304 qui
317 4201 425 4307 ipsos
458 4230 539 4284 non
573 4205 740 4311 recepit.
784 4204 975 4312 Curiique
1009 4201 1133 4310 (arb)
1177 4229 1258 4282 non
1304 4200 1504 4282 haberent
1538 4203 1619 4284 ubi

210 4337 336 4428 caput
368 4351 490 4405 snum
524 4326 780 4429 reclinarent,
814 4328 964 4409 abinde
996 4327 1048 4406 ad
1085 4325 1295 4406 Cumanos
1322 4340 1619 4429 penexerunt.

210 4510 413 4519 -.—.--.-——-—

368 4597 391 4678 ¹)
417 4602 639 4693 permitteret.
672 4598 698 4681 ²)
722 4607 871 4677 remum.
904 4599 930 4682 ³)
955 4606 1024 4675 tarn
1060 4623 1244 4696 pomorano
1282 4605 1317 4673 et
1352 4598 1410 4691 pol
1450 4593 1479 4677 ⁴)
1504 4621 1615 4694 equo.

207 4702 245 4774 V.
277 4697 304 4781 ⁵)
330 4711 512 4777 reuertens.
545 4703 570 4786 Ὅ
595 4730 655 4799 per
692 4709 812 4781 Belum
840 4709 916 4781 add.
949 4701 974 4782 ἲ)
999 4706 1123 4779 omisit.
1156 4699 1182 4785 8l
1207 4704 1331 4777 lineam
1358 4724 1499 4776 vacuam
1530 4707 1621 4782 rub·

204 4804 328 4880 ricator
355 4808 485 4883 Codicis
514 4834 581 4884 non
609 4811 769 4905 explevit.
803 4809 828 4894 ³)
852 4811 969 4906 gennit
998 4809 1097 4883 filios.
1132 4806 1279 4892 ¹⁰)rero.
1311 4808 1348 4883 S.
