3592 5490
904 325 1061 429 ..²22-

283 538 517 636 hnngarornm
545 565 605 615 rex
633 542 828 636 Stephanus
856 547 956 620 dureo·
1010 539 1140 634 primus
1176 567 1237 617 rer
1278 543 1488 638 Hungariae.
1525 545 1695 620 ducatum

284 668 355 736 tum
393 664 572 759 Huugarie
613 671 795 759 antequam
835 692 956 741 nomen
1010 665 1222 758 Hungariae‚
1250 669 1346 762 prius
1374 692 1475 761 qrram
1503 668 1538 741 iu
1571 692 1693 763 regem

283 786 378 881 regis
393 787 562 879 arriperet
577 788 722 862 obtinuit
738 790 836 862 aunis
851 792 953 877 I'III3
984 794 1230 862 roonmarotur
1279 792 1391 864 tenuit
1441 791 1541 863 annis
1584 799 1689 883 oeto;

281 908 435 1003 regnauit
478 915 591 982 autem
633 917 712 1004 post
751 914 813 984 hee
854 913 954 986 arinis
983 864 1166 1011 iroguauit
1195 917 1307 985 autem
1346 917 1425 1006 post
1460 912 1545 984 haer
1584 914 1694 986 arinis

281 1030 445 1103 XXXIII
474 1032 647 1106 mensibus
673 1040 815 1128 septem.
835 1035 953 1110 diebus
1008 1031 1154 1127 triginta
1192 1034 1302 1106 tribus
1346 1035 1519 1107 iriensibus
1552 1042 1693 1130 septem

281 1151 386 1227 XIV.
415 1153 612 1248 Habuitque
649 1156 755 1228 tilium
785 1160 820 1230 S.
850 1159 954 1232 Eme·
1009 1153 1127 1227 diebus
1166 1157 1434 1249 quatuordeeim.
1468 1157 1534 1230 Hie
1564 1157 1694 1231 habuit

283 1272 400 1363 rieum,
430 1276 486 1368 quii
511 1277 703 1349 eonivente
731 1279 892 1352 transisit
913 1281 955 1352 de
1010 1277 1117 1350 tilium
1156 1279 1191 1351 S.
1225 1278 1418 1351 Emerieunr
1450 1280 1590 1367 ducem,
1632 1279 1694 1372 qui

281 1398 345 1469 hoe
373 1400 496 1471 mumlo
524 1398 621 1493 uirgo
649 1400 813 1475 existens.
833 1404 955 1496 plenus
1009 1401 1142 1472 virente
1175 1401 1282 1474 aluno
1314 1401 1349 1472 S.
1388 1401 1562 1495 Stephano
1606 1403 1694 1474 sub·

284 1520 480 1594 sanctitate.
511 1522 604 1596 Obiit
633 1531 745 1595 antem
774 1524 840 1595 iste
877 1527 954 1598 bea·
1009 1523 1099 1594 latus
1123 1528 1173 1594 est
1201 1523 1241 1594 do
1265 1522 1386 1599 morio.
1412 1522 1508 1614 virgo
1528 1522 1694 1615 eorporis

282 1643 435 1716 tissimus
464 1666 524 1715 rex
562 1667 651 1715 anno
685 1645 874 1719 ‹iorninirae
903 1648 954 1719 in-
1010 1645 1195 1716 sanetitate
1222 1650 1256 1714 et
1285 1645 1398 1736 gratia
1425 1645 1560 1736 plenns.
1590 1644 1692 1718 Obiit

282 1764 491 1837 carnationis
524 1767 726 1853 IIXXXIV.
756 1790 814 1841 seu
844 1768 953 1841 mille·
1009 1771 1121 1839 alitem
1149 1765 1215 1837 iste
1242 1765 1461 1838 beat-issimus
1494 1789 1558 1839 rex
1590 1789 1689 1838 annno

283 1885 369 1959 simo
408 1886 580 1960 tricesimo
617 1898 738 1980 orrarto
776 1890 829 1962 die
866 1892 955 1963 XIII
1010 1887 1135 1960 drimini
1162 1885 1342 1959 millesimo
1365 1886 1537 1960 tricesimo
1549 1893 1691 1980 quamto,

282 2008 458 2081 Kalendas
494 2008 706 2102 Septembris
747 2011 831 2084 teria
869 2013 953 2085 V·a.
1009 2008 1216 2082 octodecimo
1248 2008 1316 2082 kal.
1347 2008 1560 2103 Septembris
1597 2009 1691 2083 feria

283 2129 316 2202 in
347 2129 399 2201 die
419 2128 575 2203 videlieet
601 2132 954 2224 AssurnptionisVir-
1009 2131 1145 2223 arunte:
1183 2129 1215 2201 in
1248 2130 1304 2202 die
1326 2129 1457 2203 seilicet
1491 2130 1691 2203 Assumtio-

282 2250 374 2345 ginis
392 2251 573 2344 gloriosae.
599 2253 700 2326 Curius
725 2277 848 2348 eorpus
868 2254 955 2329 Albe
1009 2251 1063 2324 nis
1108 2251 1326 2325 lteatissimae
1367 2251 1511 2344 uirginis
1544 2253 1690 2325 Mariae.

282 2373 316 2445 in
347 2373 488 2446 ecelesia
516 2374 634 2448 rrraiori
662 2377 871 2450 reeomiitum
900 2401 955 2450 ne·
1009 2373 1111 2445 Cuius
1149 2395 1271 2466 corpus
1306 2373 1419 2447 Albae
1458 2373 1491 2445 in
1538 2375 1694 2447 eeu-lesia

283 2499 440 2568 ueratur:
471 2519 570 2589 quiam
590 2496 664 2590 ipse
688 2498 767 2570 seuit
798 2499 955 2573 fabricari
1009 2493 1126 2566 maiori
1145 2493 1353 2566 reconditum
1377 2497 1571 2569 reiteratur.
1583 2518 1692 2588 (puram

283 2621 318 2689 et
345 2617 439 2689 laute
476 2617 598 2691 dotari.
635 2618 699 2691 Hir
737 2621 956 2693 beatissimus
1009 2614 1082 2708 ipse
1102 2615 1267 2703 formauit.
1292 2620 1325 2687 et
1351 2614 1518 2688 liberrime
1541 2616 1691 2689 dotavit.

282 2761 342 2811 ren
385 2739 523 2831 anantis
564 2738 687 2832 gratiis
725 2766 744 2812 a.
783 2741 853 2813 Deo
891 2742 956 2814 fuit
1009 2736 1075 2810 Hie
1111 2737 1249 2829 qrrantis
1286 2762 1306 2808 a
1342 2738 1419 2810 Deo
1455 2736 1580 2830 gratiis
1621 2729 1691 2811 ruit

283 2859 480 2953 insignitus,
501 2864 536 2933 et
555 2866 681 2954 quiante
706 2863 956 2936 nrisorioordiae
1010 2856 1209 2952 insignitus,
1240 2863 1274 2930 et
1302 2863 1429 2950 quiante
1456 2880 1561 2952 opera
1584 2881 1689 2932 ener-

282 3005 386 3076 opera
427 2982 594 3069 (exhibuit,
632 2983 665 3054 in
709 3006 767 3056 sua
811 2985 957 3078 legenda
1009 2980 1116 3051 eruerit
1144 2979 1338 3065 meritoria,
1374 2978 1452 3052 uide
1480 2980 1513 3051 iu
1544 3003 1609 3054 sua
1639 2984 1690 3055 le·

283 3107 460 3199 apparent.
1009 3100 1131 3194 gemla.

388 3349 422 3418 5.
452 3349 535 3419 Post
563 3345 691 3418 obitum
728 3345 828 3419 hrains
864 3346 956 3439 rogis
1115 3345 1149 3414 5.
1196 3343 1333 3414 Mortuo
1375 3346 1487 3414 autern
1528 3344 1564 3416 S.
1606 3369 1695 3442 rege

283 3468 490 3541 sanctissimi
528 3491 668 3561 regnum
710 3469 841 3541 vernavit
878 3492 956 3542 vero
1012 3463 1188 3558 Stephano
1240 3486 1381 3558 regumn
1430 3465 1561 3536 uacauit
1607 3490 1692 3543 vero

283 3589 446 3684 regimine
474 3589 572 3662 amris
591 3591 647 3663 XI
675 3590 846 3662 iriensibus
875 3614 955 3682 qnia·
1011 3584 1177 3680 regimine
1204 3585 1302 3657 antris
1330 3585 1482 3658 rurrdeeim
1509 3590 1693 3664 mensibus

282 3717 359 3785 tuor
386 3716 421 3784 et
441 3711 560 3784 medio.
587 3712 685 3784 Infra
704 3712 792 3804 quod
821 3715 956 3804 tempus
1011 3713 1155 3800 quintuor
1202 3711 1235 3778 et
1282 3706 1403 3781 medio.
1450 3710 1548 3781 Intra
1594 3713 1692 3804 quod

282 3833 431 3927 praefuit
459 3856 564 3928 regno
589 3834 712 3906 Petrus
740 3833 955 3907 theutonicus
1010 3834 1144 3922 tempus
1193 3828 1342 3922 praefuit
1398 3852 1502 3923 regno
1560 3832 1693 3909 Petrus

283 3955 392 4028 frater
433 3954 587 4028 dominae
625 3956 746 4043 (leole,
786 3954 955 4028 ‹rurnsortis
1009 3951 1223 4024 theutonicus
1251 3951 1359 4023 frater
1386 3952 1490 4024 Kesla
1530 3953 1690 4046 reginae,

282 4076 431 4150 eiusdem
473 4076 509 4150 S.
546 4076 659 4171 regis,
698 4077 813 4150 forsan
855 4075 955 4150 annis
1009 4072 1179 4145 consortis
1220 4072 1328 4144 serrati
1372 4071 1464 4165 regis
1515 4073 1693 4167 Stephani

282 4202 413 4292 septem
449 4201 483 4270 et
520 4199 623 4272 ultra.
663 4198 725 4293 Qui
768 4199 955 4271 tumulatus
1009 4196 1050 4267 de
1087 4217 1203 4268 sorore
1240 4200 1276 4268 ὃ.
1315 4191 1480 4286 Stephani
1528 4195 1691 4289 genitae,

282 4324 335 4394 est
362 4318 698 4414 Quinque-eeclesiis
720 4320 774 4394 Ae
798 4324 876 4413 post
903 4318 954 4412 ip·
1010 4316 1106 4409 quasi
1147 4315 1246 4388 antris
1288 4313 1463 4388 duodecim
1502 4320 1538 4387 et
1580 4319 1689 4392 ultra.

283 4441 395 4535 ipsum
414 4439 518 4516 Abba
540 4441 690 4534 praefuit
717 4441 817 4515 annis
845 4440 955 4514 tribus
1009 4438 1074 4533 Qui
1094 4437 1250 4532 sepultus
1271 4441 1323 4509 est
1343 4434 1497 4530 Quinque
1518 4439 1691 4513 eeclesiis.

284 4567 317 4636 ot
354 4563 458 4636 ultra.
496 4562 560 4657 Qui
603 4563 793 4636 tumulatus
830 4565 885 4634 est
920 4562 954 4634 iu
1008 4560 1108 4634 Abba
1135 4581 1214 4633 nero
1242 4556 1392 4631 sororius
1412 4556 1448 4632 S.
1471 4557 1566 4653 regis
1588 4581 1693 4653 prae·

283 4708 344 4759 sno
373 4683 589 4759 monasterio.
1008 4680 1074 4754 fuit
1115 4679 1214 4752 annis
1241 4678 1353 4752 tribus
1395 4682 1429 4750 et
1472 4678 1576 4752 ultra.
1626 4679 1691 4775 Qui

1008 4806 1129 4897 postea
1174 4802 1216 4874 ab
1261 4799 1425 4894 hungaris
1470 4798 1690 4891 interfectus,
