3660 5506
829 296 985 398 jo—

207 518 249 586 et
290 533 455 613 aquarn.
501 506 599 590 Dux
643 538 740 591 vero
783 507 1002 595 subridens
1045 511 1121 593 ait:
1162 511 1344 592 habeant
1386 520 1610 616 quantum·

207 656 373 736 cunque
386 626 415 737 ¹)
450 632 595 712 volunt
637 659 710 740 pro
742 633 820 715 hoc
854 662 1037 716 munere.
1072 633 1121 714 Et
1163 634 1222 715 sic
1255 632 1432 714 nuncius
1470 657 1610 711 reuer-

206 778 278 832 sus
311 767 373 833 est
404 753 453 833 ad
489 749 639 861 suos²).

364 909 434 991 29.
470 911 608 1018 Arpad
642 925 781 994 autern
817 913 978 995 interim
998 941 1091 993 curu
1118 926 1276 1019 septem
1296 910 1473 992 ducibus
1505 911 1610 991 Pau·

207 1032 373 1112 uoniam
407 1032 586 1132 intrauit,
621 1062 704 1115 non
738 1032 891 1144 euiur³)
925 1035 1032 1118 sicut
1063 1034 1258 1141 hospites,
1285 1034 1356 1115 sed
1391 1033 1499 1115 sicut
1530 1045 1610 1114 tcr·

207 1179 292 1234 ram
328 1153 414 1234 iure
450 1155 693 1238 hereditario
719 1159 989 1264 possidentes.
1015 1155 1132 1237 Tunc
1166 1154 1363 1237 nuncium
1398 1155 1523 1236 alium
1558 1155 1610 1237 ad

207 1275 355 1356 ducem
408 1278 628 1381 miseruut,
674 1293 715 1359 ct
758 1282 793 1361 ei
839 1282 945 1361 hanc
988 1278 1241 1384 legacionem
1286 1278 1609 1359 mandauerunt:

210 1398 348 1504 Arpad
382 1427 477 1480 cum
512 1401 597 1482 suis
636 1401 708 1484 tibi
752 1403 861 1504 dicit,
895 1401 1004 1509 quod
1049 1428 1175 1507 super
1216 1401 1293 1481 ista
1336 1413 1441 1480 terra
1484 1427 1610 1507 quam

210 1533 294 1600 ate
327 1534 519 1622 emerunt
554 1523 716 1606 diucius
749 1525 864 1606 nulio
898 1524 1020 1604 rnodo
1053 1535 1148 1625 stes,
1183 1523 1280 1629 quia
1311 1535 1460 1603 tenarn
1495 1536 1608 1603 tuam

210 1669 304 1723 curn
339 1670 447 1750 equo
482 1659 683 1745 emerunt,
703 1647 870 1729 herbam
901 1674 997 1727 curn
1029 1646 1158 1747 freno,
1178 1671 1329 1752 aquam
1364 1673 1457 1726 curu
1492 1645 1610 1746 sella3

210 1781 252 1844 et
283 1778 328 1847 tu
362 1779 529 1872 propter
561 1769 862 1875 emphiteosim,
881 1770 919 1849 id
946 1783 1008 1848 est
1041 1767 1219 1874 inopiam
1255 1780 1297 1848 et
1328 1767 1609 1874 cupiditatem,

209 1899 358 1968 terram
395 1888 563 1970 herbam
599 1906 639 1971 et
672 1917 821 1997 aquam
866 1889 1115 1972 concessisti.
1150 1890 1341 1996 Cumque
1374 1889 1468 1970 duci
1502 1890 1611 1970 dicta

210 2023 320 2090 esset
351 2010 507 2115 legacio
541 2013 759 2094 subridens
792 2014 918 2093 dixit:
953 2039 1107 2119 equum
1142 2013 1257 2093 illum
1292 2012 1442 2092 malleo
1476 2011 1610 2116 ligneo

211 2131 467 2233 interficiant,
486 2133 647 2214 henum
682 2153 820 2216 autern
856 2136 895 2216 iu
932 2149 1093 2241 pratum
1128 2134 1501 2242 pr·oiciant‚‘seilarn
1537 2160 1611 2214 au·

137 2243 142 2250 ’
209 2249 336 2360 teru⁴)
370 2254 609 2336 deauratam
636 2257 675 2337 in
710 2283 860 2364 aquarn
896 2257 1284 2364 Dauubyabiciuut.
1305 2255 1380 2338 Cui
1416 2255 1610 2337 nuncius:

209 2375 262 2455 m.
295 2376 389 2456 iudc
422 2377 587 2458 dorniue.
621 2380 718 2485 quid
754 2380 892 2459 damni
923 2379 1162 2459 habebunt?
1194 2378 1233 2474 Si
1268 2406 1422 2485 equum
1458 2378 1611 2459 interti-

210 2494 335 2605 cies⁵)
370 2499 543 2580 canibus
576 2501 660 2582 suis
700 2502 892 2583 victualia
934 2500 1063 2602 dabis,
1096 2501 1131 2581 si
1164 2503 1322 2581 henum
1365 2502 1405 2581 in
1440 2500 1609 2582 herbam

212 2620 398 2727 proicies
432 2621 619 2704 horuiucs
651 2624 713 2705 sui
749 2625 818 2730 qui
852 2625 994 2703 fenum
1035 2621 1200 2725 falcaut,
1234 2650 1378 2704 aurum
1413 2623 1517 2703 freni
1550 2622 1611 2702 in·

210 2738 436 2848 uerrierrt⁶),
469 2745 502 2825 si
536 2747 817 2827 veroseilam
853 2745 891 2825 iu
937 2743 1175 2826 Danubium
1214 2745 1354 2847 abicis.
1389 2746 1611 2851 piscatores

210 2864 322 2946 iilius
354 2892 500 2947 aurum
535 2868 635 2947 selle
679 2896 804 2976 super
837 2868 950 2948 iittus
993 2863 1258 2972 exponunt),
1291 2881 1416 2974 atquc
1458 2861 1610 2973 dorni⁸)

209 2987 493 3093 reportabunt.
536 2988 576 3068 Si
622 3017 716 3095 ergo
758 3004 907 3071 terram
953 2988 1121 3069 herbam
1167 3003 1207 3069 et
1250 3015 1399 3095 aquam
1444 2989 1610 3090 habeut,

205 3121 343 3190 totum
381 3109 545 3191 habent.
571 3109 667 3191 Dux
704 3139 799 3218 ergo
833 3107 942 3217 ureb
976 3110 1050 3220 hys
1084 3111 1234 3195 auditis
1267 3110 1496 3191 exercitum
1531 3111 1611 3191 cito

208 3233 477 3337 congregauit
508 3232 657 3315 timeus
693 3234 908 3339 hungaros,
928 3246 969 3313 et
1000 3233 1202 3315 auxilium
1238 3234 1363 3340 (Mb)
1382 3234 1433 3314 ab
1467 3232 1610 3314 amicis

210 3354 459 3461 impetrauit,
494 3368 535 3434 et
575 3357 768 3438 omuibus
808 3355 1049 3437 coadunatis
1093 3356 1258 3437 obuiam
1302 3349 1444 3461 illis¹⁰)
1485 3354 1611 3435 venit.

209 3476 273 3556 lili
307 3490 447 3557 autem
480 3477 686 3559 interdum
722 3506 849 3586 propo
886 3477 1126 3558 Danubium
1170 3490 1462 3586 peruenerunt,
1497 3476 1611 3557 etin

209 3623 358 3704 campo
392 3600 640 3704 pulcerrimo
672 3626 836 3681 summo
870 3599 1052 3679 diluculo
1086 3626 1266 3707 pugnarn
1301 3599 1492 3680 inierunt.
1518 3599 1612 3679 Fuit

208 3735 350 3800 auteur
374 3721 576 3802 auxilium
611 3722 883 3802 dominicum
907 3721 1155 3825 hungaris‚a
1187 3748 1363 3828 quorum
1396 3721 1501 3803 facie
1523 3720 1610 3800 dux

209 3841 446 3948 sepedictus
479 3870 523 3924 se
557 3845 595 3924 in
615 3846 752 3949 fugam
773 3843 988 3924 conuertit.
1007 3843 1299 3950 Persecutique
1332 3839 1450 3924 sunt¹
1465 3838 1492 3949 ¹)
1513 3869 1607 3923 curn

206 3963 382 4068 hungari
413 3991 548 4071 usque
581 3965 836 4068 Danubium,
858 3978 899 4045 et
930 3964 987 4046 ibi
1021 3993 1093 4072 pre
1115 3966 1262 4047 timore
1295 3966 1335 4046 in
1368 3963 1611 4046 Danubium

206 4112 252 4167 se
288 4084 467 4186 iactauit,
501 4088 541 4167 in
577 4114 659 4194 quo
702 4115 774 4194 pre
816 4114 1019 4194 aquarum
1061 4088 1332 4170 vehemencia
1372 4087 1609 4174 suffocatur.

207 4206 435 4289 Retradidit
467 4222 607 4290 auteur
642 4209 835 4291 domiuus
867 4209 1072 4315 Hungaris
1104 4211 1358 4293 Pannoniam
1392 4211 1499 4293 siout
1530 4223 1611 4290 tra·

207 4395 415 4406 ——--—-——-

369 4487 394 4577 ¹)
424 4485 701 4579 quandocunque.
733 4487 769 4560 S.
797 4480 824 4577 ²)
854 4487 896 4559 ad
933 4511 1013 4561 suos
1049 4511 1206 4562 reuersus
1247 4490 1310 4560 est.
1340 4487 1410 4560 VP.
1439 4508 1609 4560 reuersus.

209 4589 248 4665 S.
275 4583 303 4681 ³)
331 4612 397 4663 om.
427 4591 497 4663 VP.
528 4591 557 4681 ⁴)
584 4613 674 4664 roro.
705 4592 776 4664 VP.
802 4585 829 4681 ὁ)
859 4591 1080 4667 interficiens.
1119 4594 1155 4666 S.
1192 4589 1368 4666 interficis.
1403 4591 1473 4664 VP.
1502 4585 1529 4682 6)
1557 4591 1609 4664 in·

207 4693 361 4896 ppppqqq
391 4695 460 4815 VB.
489 4688 517 4786 ⁷)
547 4700 732 4788 exponunt.
765 4689 790 4773 8)
815 4696 959 4769 domun.
991 4690 1018 4779 9)
1043 4721 1109 4772 om.
1143 4691 1182 4775 ¹⁰)
1203 4697 1250 4769 eis
1278 4693 1423 4770 obuiam.
1456 4690 1497 4774 ¹¹)
1518 4717 1608 4788 pers,
