3660 5506
850 362 871 429 3

781 453 938 466 ⁸*—

158 578 209 659 de
243 577 410 682 regibus
442 577 514 658 ait:
551 576 639 658 Rex
674 580 923 663 constitutus
954 592 1177 687 postquam
1205 580 1357 662 sederit
1389 579 1429 661 in
1464 580 1567 664 solio

158 700 273 805 regni
305 699 370 781 sui
403 699 610 782 describet
634 700 711 782 sibi
739 701 872 807 legem
907 700 987 806 dei,
1010 716 1052 784 et
1083 701 1252 785 habebit
1284 730 1440 808 seeum,
1458 704 1568 810 leget

159 848 240 930 que
273 822 383 903 illam
419 822 613 905 onmibus
657 823 804 907 (liebus
837 824 920 905 vite
953 851 1040 923 sue,
1073 839 1122 906 ut
1152 824 1283 907 discat
1314 824 1460 907 timere
1493 826 1566 908 do·

158 944 318 1027 minum
353 944 480 1026 ‹leum
513 973 649 1048 suum,
684 960 726 1025 et
758 947 963 1029 custodire
997 947 1125 1028 verba
1163 946 1251 1029 cius
1285 974 1367 1055 que
1400 946 1441 1027 in
1474 948 1566 1055 lege

159 1080 358 1176 precepta
390 1079 565 1167 sunt,ut
598 1067 719 1172 longo
741 1080 928 1176 tempore
951 1081 1096 1173 regnet
1128 1069 1215 1176 ipse
1248 1069 1318 1178 lily
1353 1069 1443 1177 (2a)
1477 1070 1565 1154 eius

157 1203 479 1298 superterram,
513 1206 555 1270 et
586 1190 757 1295 gloriam
792 1216 927 1272 meam
971 1184 1250 1298 possideant¹)
1284 1191 1324 1272 in
1359 1204 1564 1274 eternum.

159 1310 343 1407 Quorum
372 1338 530 1417 regma,
564 1311 722 1393 scilicet
758 1312 1038 1419 hungarorum
1082 1313 1280 1418 originem
1314 1313 1564 1422 principium

159 1448 201 1515 et
232 1461 444 1539 egressum
479 1435 530 1516 de
563 1433 703 1542 Scitya
734 1435 909 1519 diuersis
942 1450 1178 1518 sanctorum
1213 1435 1429 1517 doctorum
1454 1450 1565 1545 ysto-

158 1583 225 1665 rys
258 1557 336 1637 lroc
368 1556 510 1637 ordine
544 1555 776 1638 declarabo.

320 1700 355 1778 1.
392 1695 507 1778 Sicut
539 1696 680 1778 scribit
712 1697 905 1802 magister
938 1696 1168 1779 istoriarum
1192 1696 1366 1779 Genesis
1400 1696 1563 1779 decimo

158 1819 360 1926 capitulos
401 1818 482 1899 Iste
526 1832 625 1900 sunt
664 1818 957 1924 generaciones
998 1818 1177 1901 liliorum
1219 1817 1345 1920 Noee‚
1385 1819 1437 1900 de
1469 1819 1563 1919 jstis

157 1941 289 2024 tribus
320 1941 413 2049 filys
446 1942 548 2042 eius,
567 1941 724 2021 seilicet
756 1938 852 2023 Sem
875 1939 975 2022 Cam
987 1935 1018 2047 ²)
1053 1954 1095 2022 et
1113 1940 1268 2048 daphet
1300 1956 1443 2022 exorte
1467 1955 1565 2024 sunt

159 2077 251 2170 post
283 2062 487 2144 diluuium
523 2062 676 2143 LXXll
709 2058 1057 2169 generaciones³).
1077 2061 1140 2144 De
1171 2062 1353 2170 dapheth
1388 2062 1476 2166 XV,
1510 2064 1563 2145 dc

158 2183 284 2267 caan
319 2184 453 2284 xxx,
488 2186 539 2265 ae
572 2183 800 2266 sanaem
835 2179 1046 2291 xxviro.
1074 2185 1143 2267 rsa
1178 2184 1433 2267 disseminati
1467 2158 1564 2268 sunl

156 2307 197 2388 in
232 2308 362 2389 tribus
396 2304 584 2414 partibus
625 2307 746 2389 orbis.
780 2306 876 2387 Sem
910 2310 1081 2415 Asyam,
1114 2305 1215 2387 Cam
1248 2307 1562 2410 Aff1·icarn,2la·

155 2429 282 2537 phelli
328 2428 534 2537 Europam
584 2430 750 2512 sortitus
794 2443 867 2511 est.
911 2429 1015 2511 Nam
1059 2428 1288 2510 secundum
1330 2428 1560 2537 dosephum

153 2551 225 2659 fily
242 2550 422 2658 -laphetlr
454 2553 728 2659 possederunt
753 2551 1118 2659 septentrionalem
1145 2551 1355 2655 regionem
1381 2578 1406 2633 a
1427 2550 1562 2634 Tauro

155 2688 198 2754 et
217 2674 378 2753 Amano
411 2674 623 2757 montibus
657 2672 792 2755 Sicilie
826 2689 867 2754 et
898 2672 999 2754 Siric
1033 2699 1168 2780 usqne
1201 2672 1253 2753 ad
1285 2672 1461 2754 fluuium
1484 2672 1563 2754 Ta·

156 2822 251 2904 nay,
293 2797 363 2901 qui
407 2810 469 2876 est
514 2796 553 2876 iu
595 2796 744 2904 Scitya.
790 2796 841 2876 Et
881 2796 958 2875 hoe
1003 2796 1110 2876 idem
1155 2790 1370 2901 asse1·uit⁵)
1417 2796 1562 2877 beatus

153 2917 394 2999 derouimus
428 2918 468 2998 in
503 2917 604 2998 libro
638 2919 689 2998 de
723 2918 896 3001 ebraicis
930 2917 1230 3024 questionibus,
1255 2917 1367 3023 quod
1399 2917 1468 3026 fily
1490 2916 1562 2998 da·

155 3038 284 3147 pheth
327 3036 630 3147 possiderunt⁶)
664 3040 702 3120 in
739 3042 850 3148 Asya
887 3040 976 3147 (ab)
1012 3043 1173 3120 Amano
1206 3054 1247 3119 et
1277 3039 1410 3120 Tauro
1444 3065 1562 3119 mon·

155 3162 280 3262 tibus,
315 3188 448 3268 usque
481 3162 531 3242 ad
565 3162 739 3244 lluuium
759 3162 921 3271 Tanay3
954 3162 994 3242 in
1028 3162 1192 3268 Europa
1213 3187 1308 3242 vero
1341 3187 1475 3268 usque
1509 3161 1559 3242 ad

154 3278 363 3391 Godyra⁷l
392 3285 562 3364 nomina
595 3284 694 3366 locis
717 3299 758 3364 et
781 3285 974 3389 gentibus
1008 3284 1300 3392 relinquentes,
1320 3309 1372 3362 ex
1409 3283 1560 3388 quibus

154 3420 302 3514 postea
334 3420 492 3487 mutata
523 3420 622 3487 sunt
664 3407 852 3513 plurima,
886 3420 1023 3487 cetera
1064 3419 1310 3513 permanent
1342 3405 1383 3484 in
1417 3431 1462 3485 se
1496 3406 1560 3487 vel

154 3528 297 3634 aliquo
329 3527 449 3608 simili
483 3528 549 3608 vel
593 3528 838 3635 propinquo.
871 3527 960 3637 Fily
992 3527 1196 3634 ‹laplretht
1235 3526 1388 3609 Gomer
1420 3553 1445 3606 a
1477 3553 1560 3635 quo

153 3648 368 3730 nominate
401 3665 500 3731 sunt
531 3646 718 3756 galete⁸),
753 3664 794 3731 et
825 3662 970 3757 postea
1008 3650 1166 3750 Gallici,
1200 3650 1272 3757 qui
1304 3661 1402 3731 sunt
1432 3648 1559 3730 Fran·

154 3771 300 3876 cigenc
333 3772 571 3879 aquodam
604 3770 831 3852 Francione
870 3771 978 3877 dieti,
1010 3771 1093 3852 filio
1134 3768 1301 3871 Paridis,
1333 3770 1417 3851 filio
1449 3770 1560 3852 Pria·

156 3893 279 3974 millis
312 3887 423 4001 fily⁹)
457 3892 577 4001 primi
610 3894 716 3999 regis
749 3893 892 4001 'l'roye,
912 3893 983 4000 qni
1000 3893 1215 3975 venientes
1236 3893 1288 3973 de
1310 3892 1443 4000 'l'roya
1467 3905 1561 3999 post

157 4016 247 4097 eius
280 4014 490 4097 excidium
524 4015 565 4096 in
598 4014 865 4118 Pannoniam,
885 4042 966 4123 que
993 4015 1090 4097 olim
1123 4030 1311 4123 tempore
1330 4013 1559 4097 Alexandri

156 4136 297 4241 magni
329 4136 516 4245 superior
558 4136 705 4218 Grecia
745 4139 1079 4244 nuncupabatur,
1112 4138 1191 4220 sub
1228 4152 1368 4219 monte
1401 4134 1559 4240 Siccan,

155 4259 266 4339 circa
298 4256 501 4341 lluuinum
544 4253 715 4367 Hyst¹⁰)
749 4259 820 4367 qui
864 4258 1093 4341 alamanice
1133 4253 1292 4367 Don¹¹)
1325 4259 1562 4340 nominatur

156 4380 369 4461 ciuitatem
417 4379 511 4491 (ab)
553 4380 814 4462 fortissimam
865 4393 1201 4480 construxerunt,
1245 4393 1286 4461 et
1328 4380 1364 4461 ei
1407 4406 1560 4461 nomen

155 4571 281 4579 --—-
285 4570 364 4577 ----·

320 4657 345 4747 1)
373 4655 559 4751 possideat.
589 4660 617 4746 ²)
646 4655 759 4729 (lhanr.
781 4658 821 4730 B.
844 4657 878 4731 S.
902 4653 930 4749 3)
958 4657 1077 4730 tribus.
1099 4658 1139 4730 Β.
1162 4659 1197 4730 S.
1219 4659 1248 4748 4)
1269 4658 1321 4730 llx
1340 4656 1419 4730 Seru
1437 4655 1558 4741 XXII,

154 4783 200 4833 ex
229 4760 333 4833 enm
358 4760 476 4847 XXX,
506 4783 548 4833 ex
577 4760 704 4854 laphet
732 4760 845 4834 decern
862 4764 1004 4855 septem.
1028 4755 1056 4852 ὗ)
1085 4759 1220 4835 asserit.
1241 4761 1311 4834 VP.
1343 4756 1371 4850 ⁶)
1398 4760 1558 4853 posscde-

10 4874 16 4979 ξ
153 4870 250 4937 runt.
283 4858 310 4956 ἲ)
339 4863 485 4961 Gadyra.
517 4863 545 4956 8)
574 4863 732 4938 Galathe.
763 4860 791 4959 9)
820 4864 916 4939 deest
944 4863 978 4940 in
1007 4865 1077 4940 VP.
1112 4860 1154 4956 ¹⁰)
1181 4863 1314 4961 Hystri.
1340 4860 1382 4956 11)
1410 4863 1499 4939 Dun.
