3592 5490
815 468 833 473 ,
870 363 970 475 li...

192 624 292 706 pore
334 593 440 699 regis
482 589 669 689 Andree3
717 591 902 670 seeundo
952 615 1060 690 vero,
1111 601 1297 696 tempore
1347 587 1452 692 regis
1482 586 1594 668 'Bele

192 721 301 802 sieut
331 743 443 797 nune
477 712 677 819 seriptum
712 725 785 792 est.

350 840 421 919 91.
453 835 664 917 Piissimus
697 847 836 914 autem
879 862 952 914 rex
996 833 1096 913 Bela
1138 833 1344 939 completo
1386 831 1500 937 regni
1531 832 1597 913 sui

193 990 302 1046 anno
336 960 474 1060 teroi0,
509 957 548 1037 in
583 955 737 1037 Demes
771 957 896 1062 regali
929 955 1078 1037 allodio
1114 967 1329 1035 corruente
1363 954 1464 1036 solio
1498 981 1596 1034 eon·

192 1088 348 1167 fractus
381 1106 551 1189 corpore
585 1077 940 1161 irremediabiliter
981 1079 1091 1184 oepit
1132 1089 1326 1181 egrotare,
1366 1077 1597 1158 duxerunt·

196 1235 277 1314 que
311 1233 407 1286 eum
441 1202 695 1284 seminecem
728 1200 779 1280 arl
804 1200 986 1283 rinulum
1010 1194 1253 1307 llytnsnab,
1275 1214 1442 1306 propter
1474 1226 1598 1306 quas·

194 1331 289 1410 dam
334 1326 448 1431 regni
490 1323 770 1423 necessitates,
805 1344 846 1404 et
888 1324 943 1404 ibi
988 1321 1179 1425 migrauit
1216 1347 1240 1400 a
1280 1320 1433 1403 seculo,
1471 1322 1596 1428 (aab)

194 1449 393 1557 Sepultus
426 1461 488 1527 est
519 1459 657 1526 antem
695 1446 733 1525 in
770 1444 1017 1527 monasterio
1060 1442 1190 1524 saneti
1229 1440 1452 1525 Saluatoris
1486 1443 1597 1550 quod

195 1575 284 1681 ipse
317 1581 607 1652 construxerat
639 1567 677 1646 in
712 1567 804 1649 loeo
838 1569 908 1674 qui
942 1565 1091 1646 rlioitur
1121 1558 1357 1670 Zugzardl).

391 1879 478 1980 (De
505 1877 800 1959 ooronatione
829 1883 875 1957 et
900 1878 1001 1957 vitu
1027 1873 1298 1958 Salomonis.
1326 1876 1413 1978 B.³)

354 2093 424 2175 92.
458 2092 547 2173 Rex
589 2106 727 2172 autem
773 2089 966 2172 Salomon
1011 2091 1151 2172 audita
1195 2107 1322 2173 morte
1364 2092 1462 2173 Bele
1496 2092 1600 2199 regis

196 2216 372 2298 accessit
404 2216 453 2297 ad
487 2241 676 2298 socerum
711 2243 832 2296 sunm
863 2215 1151 2321 imperatorem
1186 2216 1502 2316 teutonicorum,
1536 2242 1600 2295 ro·

197 2338 394 2446 gauitque
427 2365 537 2440 eum,
561 2351 811 2442 utregnum
846 2335 1055 2442 Hungario
1089 2336 1166 2417 sibi
1200 2337 1442 2420 restitueret.
1474 2337 1601 2420 Cuius

199 2461 390 2569 precibus
423 2461 645 2566 imperator
677 2475 883 2563 gratanter
915 2458 1137 2564 auquieuit,
1167 2474 1207 2539 et
1239 2488 1336 2542 oum
1370 2461 1438 2541 illo
1471 2460 1602 2541 nobili

198 2610 366 2665 romane
408 2583 504 2663 artis
547 2576 692 2687 aroisl)
737 2581 935 2680 exercitu,
970 2599 1011 2661 et
1053 2581 1196 2663 illustri
1241 2597 1336 2664 cetu
1379 2582 1602 2691 imperialis

198 2705 324 2811 glorie
357 2702 622 2786 Salomonem
647 2704 702 2782 'in
747 2703 999 2807 Hungariam
1044 2705 1220 2785 reduxit.
1255 2703 1423 2785 Interim
1466 2707 1604 2812 Geysa

198 2827 308 2908 filius
341 2827 446 2933 regis
466 2825 565 2907 Bele
599 2828 706 2908 siout
739 2840 826 2907 erat
857 2825 1039 2932 prudens
1073 2841 1113 2905 et
1146 2828 1484 2934 circumspectus,
1506 2856 1601 2908 cnm

200 2950 365 3030 duobus
397 2949 590 3030 tratribus
623 2948 708 3031 suis
730 2948 1074 3050 adolescentibus,
1094 2950 1317 3056 assumpsit
1339 2976 1383 3032 se
1416 2977 1603 3032 seorsum

202 3072 244 3151 in
278 3083 413 3178 partes
446 3070 626 3171 Polonie,
661 3099 743 3153 non
781 3071 890 3150 enim
936 3083 1096 3176 poterat
1140 3071 1339 3178 impetum
1374 3070 1603 3152 Salomonis

202 3208 303 3274 tuno
342 3193 557 3275 sustinere.
599 3194 687 3273 Rex
732 3194 870 3298 itaque
913 3191 1106 3273 Salomon
1147 3194 1235 3274 sine
1269 3193 1510 3275 (lil'tieultate
1543 3193 1604 3274 in·

203 3315 328 3396 trauit
359 3315 401 3395 in
433 3314 688 3422 Hungariam
723 3344 817 3419 rege
852 3315 1036 3394 orbatam
1060 3329 1100 3395 et
1125 3343 1295 3397 securus
1329 3316 1443 3397 venit
1475 3317 1515 3396 in
1549 3314 1606 3396 ei·

204 3438 377 3519 uitatem
423 3439 575 3542 regiam
619 3438 783 3536 Albam,
816 3437 956 3542 ibique
998 3438 1049 3517 ab
1092 3439 1203 3517 omni
1238 3439 1346 3518 clero
1381 3454 1421 3520 et
1452 3438 1606 3545 populo

206 3559 339 3640 tocius
372 3557 583 3665 Hungarie
625 3558 1035 3640 honorificentissime
1077 3576 1295 3667 susceptus
1329 3577 1401 3643 est.
1435 3560 1608 3641 Conoio·

207 3695 330 3763 natus
364 3697 426 3762 est
457 3696 597 3763 autem
641 3683 864 3788 imperator
895 3680 946 3760 arl
990 3681 1232 3763 uniuersum
1271 3699 1408 3765 eeturn
1451 3683 1609 3788 hunga-

208 3831 345 3885 rorum
382 3831 454 3910 pro
488 3833 638 3909 genero
666 3831 740 3885 suo
770 3831 863 3907 rege
885 3802 1118 3902 Salomone,
1138 3831 1369 3911 pacemque
1404 3806 1508 3885 inter
1540 3830 1609 3885 eos

213 3926 475 4006 reformatam
508 3920 809 4030 im=isim·amli⁵)
838 3924 1032 4028 religione
1069 3926 1306 4032 interposita
1340 3926 1609 4026 confirmauit,

212 4075 349 4152 regem
384 4065 523 4129 autem
562 4047 828 4129 Salomonem
871 4046 912 4126 in
945 4060 1116 4153 paterno
1159 4048 1260 4129 solio
1293 4050 1467 4154 gloriose
1501 4075 1615 4129 eoro-

212 4185 354 4250 natum
390 4200 484 4251 eum
519 4199 691 4252 assensu
713 4183 754 4250 et
780 4168 1033 4250 olarnaoione
1067 4171 1198 4251 torius
1227 4171 1438 4276 Huugarie
1471 4172 1614 4253 sedere

213 4291 321 4372 feeit.
354 4291 447 4398 lpse
490 4294 712 4399 imperator
753 4291 880 4370 diuite
922 4318 1020 4395 gaza
1064 4290 1270 4397 Hungarie
1310 4295 1431 4400 (aaa)
1465 4321 1488 4374 a
1522 4321 1615 4398 regu

374 4565 400 4651 ¹)
424 4570 594 4661 Kyrusna.
624 4571 663 4640 B.
684 4567 849 4661 Kynisua.
872 4567 1109 4642 Vl³.bi11isua.
1139 4569 1173 4640 S.
1192 4564 1219 4647 2)
1243 4570 1408 4643 Zulrzanl.
1426 4571 1459 4642 S.
1481 4567 1612 4640 Zeurrk-

215 4672 306 4744 nard.
336 4673 381 4747 V.
431 4672 518 4758 ,His
559 4672 648 4745 enim
686 4672 768 4744 Bela
817 4716 858 4725 --
891 4716 939 4725 -
980 4672 1202 4767 appellarim
1249 4676 1341 4746 solus
1369 4677 1410 4747 V.
1442 4675 1478 4746 Ρ.
1511 4669 1537 4752 ³)
1562 4672 1613 4743 De

217 4775 366 4848 aduentu
397 4775 625 4869 imperatoris
657 4777 691 4850 S.
722 4771 748 4852 ⁴)
773 4777 867 4849 artis.
902 4777 971 4850 VP.
1001 4778 1034 4850 S.
1063 4776 1160 4850 mais
1190 4779 1232 4851 B.
1263 4781 1388 4852 Noster
1422 4783 1613 4870 utrumque.

219 4875 246 4965 δ)
269 4879 469 4957 iusiurandi.
499 4882 533 4957 S.
567 4880 810 4956 iusiurandum.
840 4881 915 4959 VP.

721 5017 725 5022 ’
1482 5019 1517 5075 10
