3660 5506
888 206 963 324 ur

208 471 465 554 interessent.
507 470 633 553 Venit
673 499 768 577 ergo
810 472 938 557 Cesar
978 473 1029 555 ad
1069 472 1268 555 terminos
1309 470 1533 579 Hungarie,
1580 484 1625 554 et

209 594 248 674 iu
284 595 507 677 crastinum
543 622 783 702 expugnare
820 596 1023 703 disposuit
1062 596 1288 698 obstacula,
1322 596 1474 702 quibus
1507 597 1622 676 lrun·

208 718 291 821 gari
307 712 334 823 ¹)
378 717 552 798 llnuinm
587 716 756 799 Rabclra
788 713 1131 826 concluserantll.
1167 717 1334 799 interim
1368 743 1522 799 veroa
1556 719 1620 798 le·

209 840 312 944 gatis
347 841 437 920 Abe
471 841 575 945 regis
619 854 784 945 rogatus
828 856 891 922 est
931 839 1070 941 Cesar,
1104 855 1150 920 nt
1191 850 1497 947 competentem
1530 853 1619 920 ter-

210 962 368 1043 minum
403 962 555 1067 figeret,
580 963 617 1041 in
653 990 735 1069 qno
769 989 913 1044 omues
947 962 1134 1069 captiuos
1160 962 1195 1042 ei
1229 960 1466 1063 remitteret,
1484 961 1619 1069 (25b)

210 1098 251 1164 ct
282 1085 451 1164 donaria¹
483 1085 518 1164 ci
552 1084 722 1192 insuper
763 1081 931 1191 (lrrr·et³).
966 1082 1091 1166 Cesar
1131 1084 1271 1190 itaque
1313 1082 1486 1166 allectus
1520 1110 1620 1165 mu·

209 1206 389 1306 neribus,
423 1219 464 1287 et
496 1206 584 1314 alys
617 1208 874 1309 grauioribus
909 1233 1089 1315 negocys
1123 1204 1363 1314 prepeditus
1394 1205 1514 1313 redyt
1543 1204 1618 1286 Bi·

208 1329 409 1430 zanciurn,
443 1329 552 1435 quod
589 1343 651 1410 cst
683 1330 882 1437 oppidum
916 1328 1168 1434 Burgnndie.
1203 1326 1267 1408 Ex
1299 1321 1438 1437 lriuc⁴)
1470 1328 1618 1434 itaque

208 1477 282 1531 rex
319 1450 410 1532 uba
452 1451 671 1534 securitate
715 1465 886 1559 accepta
928 1453 1061 1533 factus
1106 1466 1169 1532 est
1200 1449 1393 1551 insolens,
1427 1465 1469 1531 et
1498 1449 1621 1557 cepit

209 1572 429 1654 crudeliter
460 1574 594 1654 senire
629 1572 667 1653 in
701 1574 920 1680 hungaros.
945 1573 1231 1654 Arbitrabatur
1258 1573 1368 1653 enim
1396 1584 1443 1653 nt
1473 1571 1618 1652 omnia

209 1696 447 1776 eommunia
480 1712 618 1776 esseut
650 1696 826 1778 dominis
859 1724 954 1776 cum
982 1694 1124 1776 seruis.
1143 1693 1222 1775 Sed
1250 1707 1292 1775 et
1323 1693 1615 1776 iusiurandum

208 1816 383 1899 violasse
418 1845 490 1924 pro
534 1816 684 1898 nielrilo
727 1819 959 1926 reputabat.
992 1817 1160 1899 Nobiles
1203 1818 1313 1897 enirn
1357 1815 1471 1922 regni
1512 1842 1617 1897 oon·

208 1953 411 2041 temnens,
431 1939 588 2021 liabens
620 1968 785 2046 semper
817 1970 911 2021 (eum
946 1940 1108 2022 rusticis
1142 1951 1183 2019 et
1215 1938 1465 2043 ignobilibus
1497 1964 1616 2019 com·

209 2087 348 2146 mune.
383 2059 566 2165 Hnngari
599 2090 696 2142 vero
730 2063 889 2144 nobiles
928 2063 1114 2143 uolentes
1147 2061 1184 2140 ei
1217 2059 1255 2141 id
1289 2061 1502 2164 sustinere,
1537 2087 1617 2140 ex·

208 2183 519 2264 acerbacionem
556 2184 644 2265 eius
686 2186 858 2268 moleste
895 2186 1076 2265 terentes
1119 2182 1406 2290 conspirarunt
1438 2196 1480 2263 et
1511 2208 1617 2263 con·

208 2302 489 2411 iurauerunt⁵)
523 2319 569 2385 ut
601 2303 739 2414 euml)
769 2307 1015 2389 occiderent.
1041 2304 1218 2400 Quidam
1252 2320 1391 2386 autem
1426 2332 1480 2385 cx
1511 2304 1618 2415 ipsis

209 2427 438 2508 uotifieauit
470 2429 552 2533 regi
589 2429 627 2510 in
661 2457 809 2510 necem
853 2429 942 2510 eius
986 2428 1232 2530 cornuratos,
1267 2456 1321 2507 ex
1354 2427 1506 2534 quibus
1541 2453 1617 2511 eos

208 2574 312 2654 quos
345 2549 479 2655 potnit
511 2566 653 2659 captos
696 2553 793 2633 lecit
836 2550 1007 2632 interfici
1048 2550 1137 2630 sine
1178 2544 1356 2658 inrlicy⁷)
1396 2548 1618 2651 examine3

208 2671 317 2776 quod
353 2670 392 2751 in
428 2698 622 2777 magnum
669 2676 772 2780 regis
816 2666 1151 2778 detrimentum⁸)
1184 2698 1352 2753 versum
1395 2685 1468 2754 est.
1502 2670 1614 2753 Cum

208 2792 318 2873 euim
352 2821 424 2874 rex
459 2792 687 2877 Clranadini
721 2789 1119 2904 quadragesimaml)
1142 2794 1440 2896 celebraretur
1462 2793 1614 2874 eadem

208 2915 525 3021 quadragesima
557 2918 717 2999 circiter
749 2917 1049 3026 quinquaginta
1072 2916 1178 2996 viros
1211 2916 1371 2997 nobiles
1404 2916 1483 2997 sub
1515 2942 1616 3022 pre-

208 3052 328 3119 textu
361 3039 600 3120 consiliandi
636 3042 674 3121 in
710 3042 887 3148 quadam
923 3040 1046 3119 domo
1079 3038 1292 3140 conclusit,
1317 3051 1358 3117 ct
1389 3039 1442 3119 ab
1474 3062 1617 3120 arma·

207 3159 259 3241 tls
292 3158 491 3241 militibus
523 3162 621 3242 fecit
653 3190 722 3243 eos
767 3161 1000 3244 obtruncari
1046 3187 1122 3240 nec
1164 3161 1358 3242 contritos
1399 3187 1477 3241 nee
1510 3185 1614 3240 oon-

206 3281 347 3363 fessos,
371 3281 488 3363 Unde
524 3285 668 3367 beatus
693 3279 962 3389 Gerardus¹⁰)
986 3282 1185 3362 carronieu
1216 3283 1436 3363 seueritate
1469 3307 1612 3385 regem

207 3403 413 3510 conipuit,
448 3419 489 3485 et
504 3405 581 3487 sibi
600 3407 830 3513 periculum
865 3405 1080 3485 imminere
1112 3403 1498 3509 predixitQuidam
1534 3403 1614 3485 ita-

207 3551 289 3631 que
333 3552 384 3605 ex
429 3527 649 3610 coniuratis
699 3543 865 3635 propter
914 3527 990 3606 boc
1036 3525 1162 3629 magis
1205 3526 1359 3606 incitati
1404 3525 1616 3631 fugientes

205 3662 411 3728 venerunt
443 3650 492 3728 ad
528 3647 734 3752 Cesarem,
768 3664 809 3731 et
841 3648 1022 3729 oblocuti
1065 3663 1162 3728 sunt
1205 3662 1347 3728 contra
1379 3646 1513 3728 Abarn
1549 3648 1615 3729 di·

206 3785 369 3849 centes:
403 3771 513 3876 quod
547 3799 621 3877 pur
645 3772 795 3852 nichilo
823 3773 1101 3853 iuramentum
1123 3784 1345 3876 reputaret,
1364 3769 1616 3877 nobilesque

206 3890 278 3996 qni
310 3917 406 3971 euru
439 3919 578 3997 regem
613 3921 739 4001 super
775 3922 820 3975 se
864 3893 1161 3974 constituerant
1203 3904 1527 4000 contempneret,
1563 3919 1618 3976 ac

206 4039 301 4094 cnm
336 4013 496 4096 rusticis
541 4029 582 4097 et
615 4016 864 4122 ignobilibus
905 4015 1046 4095 ederet
1087 4014 1291 4121 equitaret
1332 4029 1373 4093 et
1413 4013 1616 4097 continue

204 4134 455 4240 loqueretur.
477 4135 638 4230 Quibus
671 4138 777 4218 dixit
798 4138 1038 4244 imperator:
1071 4136 1154 4217 lsta
1176 4137 1329 4216 etenim
1351 4138 1617 4218 consuetudo

204 4281 288 4337 non
328 4268 390 4338 est
431 4259 579 4339 nobilis
624 4259 812 4363 hominis,
856 4259 926 4350 sed
973 4258 1061 4339 eius
1105 4258 1295 4365 oppositi.
1327 4257 1468 4363 Ipsum
1513 4282 1617 4364 ergo

203 4465 410 4473 Ψ-

334 4605 337 4609 -
365 4544 389 4640 ¹)
412 4574 477 4626 om.
508 4553 549 4626 v.
580 4546 607 4633 ⁸)
631 4551 877 4625 conduxerant.
907 4552 942 4624 S.
961 4544 987 4639 ³)
1012 4552 1195 4646 iusuperei
1225 4553 1379 4626 donaret.
1410 4545 1437 4638 ⁴)
1463 4548 1616 4629 Exinde.

206 4657 242 4731 S.
273 4650 301 4738 ὁ)
324 4655 613 4750 conspirauenmt
654 4660 689 4728 et
729 4654 939 4728 iurauerunt.
984 4655 1021 4731 S.
1054 4652 1080 4735 ὓ)
1105 4656 1227 4750 ipsum.
1260 4651 1286 4737 7)
1311 4656 1437 4730 iudicii.
1469 4650 1496 4735 ⁸)
1521 4657 1616 4734 detr.

205 4784 278 4859 reg.
311 4755 337 4842 ⁹1
362 4761 481 4856 quadr.
510 4761 654 4837 ohanud.
687 4755 728 4842 ¹⁰)
752 4759 960 4838 dherardus.
983 4762 1017 4833 S.
1035 4759 1282 4838 Charradiensis
1311 4760 1502 4861 episcopus
1532 4762 1614 4845 add.
